2760 5280
109 729 219 791 Graec.
243 729 293 801 lv,
315 748 346 810 p.
369 729 447 792 667:
475 728 671 809 Phyrnichus
693 750 724 810 p.
747 730 798 802 64,
821 728 877 791 26:
907 721 1142 812 Τρυπαλώπηξε
1176 724 1195 790 ὁ
1219 724 1273 790 διὰ

109 831 300 913 πανουργίαν
321 825 425 894 πάντα
446 833 573 915 spontin
594 831 647 894 καὶ
669 828 857 915 ἐργάζεσθαι
880 826 1060 907 δυνάμενος.
1076 866 1117 876 -
1136 828 1273 910 Proprio

110 953 204 995 sensu
231 933 340 1012 vulpes
368 932 509 994 adhibita
533 934 692 996 estMost.
715 930 766 1005 111,
792 934 819 998 1.
841 934 896 997 32:
927 931 1012 1006 ,Tam
1036 930 1129 992 facile
1151 931 1271 1007 vinces,

109 1054 204 1115 quarn
235 1037 336 1115 pirum
364 1034 475 1115 volpes
502 1038 639 1097 comest’.
683 1035 773 1107 Quae
796 1036 892 1095 verba
915 1052 1105 1114 quamquam
1129 1052 1271 1114 prover-

109 1137 195 1198 bium
224 1137 319 1210 olent,
351 1146 456 1199 tamen
480 1156 582 1218 neque
605 1138 690 1218 apud
713 1136 852 1199 Graecos
875 1155 977 1217 neque
1000 1135 1085 1216 apud
1106 1136 1271 1199 Romanos

110 1241 281 1320 scriptores
312 1239 384 1301 alibi
415 1248 591 1312 occurrunt,
616 1247 650 1301 ut
671 1239 842 1301 Lorcnzius
866 1240 905 1300 ad
930 1241 960 1301 h.
983 1237 1003 1300 l.
1027 1246 1272 1301 commemorat.

111 1341 304 1406 Dissentiunt
336 1349 440 1403 autern
478 1341 666 1420 interpretes
699 1342 731 1402 in
765 1341 950 1423 explicanda
984 1340 1150 1403 sententia.
1210 1341 1270 1402 Alii

110 1442 202 1516 enim,
224 1444 306 1504 inter
330 1463 410 1524 quos
432 1445 594 1516 Erasmus,
618 1452 738 1525 putant,
761 1443 963 1525 proverbium
986 1461 1057 1506 esse
1078 1443 1119 1502 de
1133 1461 1170 1503 rc
1186 1442 1272 1506 lacto

109 1545 250 1625 proclivi,
274 1548 358 1625 quod
382 1545 457 1605 nihil
480 1545 521 1606 sit
543 1546 660 1626 negotii
683 1546 767 1625 vulpi
784 1545 1020 1607 dentatissimae
1035 1545 1140 1624 pirum
1157 1546 1271 1622 edere;

110 1647 161 1708 alii
191 1647 310 1728 optimo
339 1647 406 1709 iura
432 1648 462 1708 id
491 1657 600 1711 contra
632 1649 806 1728 proferunt,
835 1649 919 1729 quod
949 1649 1058 1728 vulpes
1081 1646 1217 1728 gallinas
1240 1655 1271 1709 et

110 1748 171 1810 alia
194 1748 318 1809 minora
342 1749 489 1811 animalia
514 1769 656 1811 comesse
680 1752 791 1823 solent,
813 1770 878 1810 non
893 1749 971 1830 pira.
1009 1746 1151 1821 Quarum
1166 1749 1271 1811 inter-

109 1850 323 1932 pretationum
350 1871 420 1913 cum
450 1854 550 1914 altera
578 1852 669 1914 alteri
697 1871 871 1935 repugnare
898 1852 1053 1924 videatur,
1081 1850 1122 1912 ad
1152 1851 1271 1912 diiudi-

110 1954 242 2014 candam
265 1971 333 2013 rem
356 1955 582 2016 sententiarum
607 1974 766 2016 connexus
786 1953 963 2016 accuratius
979 1953 1196 2033 respiciendus
1212 1960 1269 2018 est.

109 2054 227 2116 Tranio
251 2055 333 2115 enim
356 2076 466 2118 servus
488 2056 721 2137 Theuropirlem
744 2050 851 2118 senem
874 2056 1067 2118 ludificatur:
1095 2055 1170 2137 ,Ego
1194 2056 1269 2135 quid

111 2160 279 2218 censeam?
315 2158 414 2237 inquit
435 2158 485 2232 lll,
518 2163 545 2225 1.
569 2161 609 2223 29
625 2178 672 2238 sq.
701 2158 796 2238 ‚Cape
819 2194 858 2203 —
882 2178 944 2220 una
973 2177 1041 2219 cum
1070 2175 1109 2218 co
1138 2158 1191 2242 (sc.
1215 2158 1270 2238 qui

110 2258 166 2318 tibi
189 2259 284 2319 aedes
308 2260 447 2320 vendidit
469 2268 501 2321 et
515 2260 671 2341 hospitem
688 2260 819 2343 necavit)
836 2261 988 2322 iudicem’.
1026 2260 1089 2320 Sed
1104 2279 1175 2320 cnm
1190 2279 1271 2322 cae-

112 2359 166 2420 des
188 2360 242 2422 illa
265 2359 397 2440 hospitis
420 2362 514 2442 plane
535 2362 609 2425 ficta
631 2363 681 2435 sit,
708 2362 899 2443 Theuropidi
922 2362 1006 2423 nulla
1029 2381 1101 2442 spes
1124 2363 1272 2425 vincendi

111 2480 180 2521 esse
213 2469 327 2541 potest.
377 2463 460 2525 Dicit
489 2464 582 2546 igitur
610 2485 719 2528 servus
748 2464 894 2527 callidus:
929 2473 1003 2537 ,tam
1033 2463 1124 2525 facile
1155 2464 1271 2538 vinces,

111 2582 206 2643 quam
238 2566 341 2644 pirum
374 2565 483 2646 volpes
516 2570 656 2640 comest,
690 2568 798 2648 vulpes
831 2575 935 2628 autern
965 2566 1065 2647 pirum
1093 2569 1268 2647 numquam

111 2671 240 2726 comest.
288 2666 404 2726 Verum
438 2673 545 2728 tamen
575 2687 672 2730 senex
702 2688 780 2729 voce
811 2668 922 2739 ,laoile’
951 2686 990 2728 ex
1020 2667 1150 2729 consilio
1184 2669 1270 2731 servi

111 2767 258 2846 deceptus
280 2767 323 2828 ita
346 2769 442 2829 verba
463 2767 517 2830 illa
540 2770 689 2850 explicat:
713 2769 869 2844 ,facillime
893 2770 1008 2841 vinces,
1031 2788 1103 2830 nam
1127 2769 1204 2830 nihil
1220 2777 1271 2833 est

109 2868 228 2948 negotii
255 2869 340 2948 vulpi
368 2870 605 2933 dentatissimac
633 2873 734 2953 pirum
764 2875 877 2934 edere’.
928 2873 974 2934 lta
1008 2891 1078 2933 mea
1111 2872 1268 2934 sententia

108 2980 242 3050 utraque
271 2971 438 3050 explicatio
469 2974 687 3055 coniungenda
717 2982 764 3036 est
792 2993 851 3034 nec
880 2973 970 3035 aliter
999 2976 1096 3036 verba
1129 2974 1268 3056 intellegi

108 3081 251 3153 possunt.

193 3172 294 3240 icles:
326 3174 389 3235 hoc
419 3193 593 3257 cognomen
620 3176 725 3238 lenoni
754 3197 811 3257 per
834 3178 1007 3239 convicium
1028 3178 1184 3256 tribuitur,
1213 3179 1270 3258 qui

108 3275 189 3339 sicut
209 3277 287 3339 feles
303 3277 371 3339 aliis
388 3277 495 3338 bestiis
511 3278 640 3340 insidias
656 3279 783 3351 iaciunt,
806 3279 850 3341 ita
866 3279 1001 3360 virgines
1016 3279 1099 3360 rapit
1112 3280 1199 3343 Pers.
1214 3280 1269 3355 lV,

108 3380 137 3442 9.
153 3380 204 3442 ll:
222 3379 354 3440 scelesta
369 3378 447 3441 feles
459 3379 628 3462 virginaria
640 3381 1003 3459 („Mtidobenritober”);
1018 3382 1097 3444 nuo.
1105 3381 1157 3457 Ill,
1169 3385 1199 3447 4.
1208 3386 1268 3449 43:

109 3487 180 3540 tunc
212 3479 264 3541 hic
292 3480 369 3542 feles
397 3480 556 3562 virginalis
586 3484 939 3563 (,‚Mooctenmcroer”‚
968 3487 1113 3562 Doooer)
1147 3484 1269 3549 liberos

107 3583 290 3661 parentibus
312 3583 469 3646 sublectos
491 3584 634 3646 habebis.

191 3684 257 3763 leo,
287 3685 420 3748 audacia
447 3692 479 3746 et
505 3687 623 3747 robore
650 3686 786 3748 maxime
816 3687 957 3768 insignis,
986 3687 1186 3751 adversarius
1218 3696 1269 3752 est

107 3784 389 3865 periculosissimus
413 3787 592 3863 hominum;
616 3789 672 3850 sed
695 3795 799 3850 tamen
822 3788 948 3851 Toxilus
971 3790 1056 3852 Pers.
1073 3789 1095 3863 1,
1120 3792 1147 3856 1.
1163 3791 1182 3857 3
1199 3809 1266 3870 sq.:

108 3905 193 3961 ‚nam
223 3906 292 3948 cum
324 3890 432 3964 leone,
460 3889 569 3970 inquit,
601 3909 680 3962 ,cum
704 3898 841 3964 excetra,
870 3909 939 3950 cum
963 3910 1067 3964 cervo,
1090 3912 1160 3954 cum
1182 3910 1266 3973 apro

106 3989 258 4062 Aetolico,
281 3988 357 4051 Cum
381 3991 490 4052 avibus
507 3991 736 4074 Stymphalicis,
761 4012 829 4055 cum
846 3992 968 4055 Antaeo
992 3994 1143 4057 deluctari
1159 3995 1266 4066 malui,

108 4090 211 4162 Quam
245 4111 312 4152 cum
343 4093 478 4155 Amore’.
529 4094 645 4155 Alludit
675 4101 770 4174 polita
799 4095 847 4156 his
878 4095 981 4158 verbis
1010 4096 1049 4158 ad
1080 4096 1265 4161 notissimos

106 4192 177 4255 illos
206 4193 344 4267 labores,
372 4194 484 4275 quibos
514 4196 665 4259 Hercules
696 4197 745 4258 dei
776 4197 909 4280 gloriam
941 4205 1104 4262 assecutus
1133 4208 1191 4262 est.
1224 4236 1264 4245 —

107 4295 170 4357 Leo
194 4302 282 4358 vetus
299 4302 330 4356 et
343 4296 517 4360 imbecillus
535 4298 737 4381 contemptim
755 4299 866 4361 dicitur
881 4319 977 4362 senex
993 4301 1073 4362 llen.
1086 4301 1123 4373 V,
1139 4304 1169 4367 2.
1188 4304 1263 4368 1111

106 4403 149 4470 ,ut
179 4417 238 4479 ego
266 4398 349 4460 hunc
374 4408 534 4481 proteram
556 4401 681 4462 leonem
703 4402 850 4474 vetulum,
880 4403 1025 4475 olentem,
1056 4402 1263 4479 edentulum’3

106 4499 197 4561 simili
219 4500 342 4564 ratione
359 4502 487 4567 Plautus
510 4522 604 4565 anum
626 4522 775 4565 voracem
799 4510 831 4564 et
852 4503 1003 4578 bibauem,
1027 4523 1109 4584 quae
1124 4523 1263 4588 persona
