2760 5280
165 763 222 829 est,
244 755 389 816 homines
413 762 516 816 autem
539 754 702 839 bilingues
726 760 878 815 vocantur
901 755 938 827 11,
967 755 1019 835 qui
1042 755 1197 838 ambiguis
1220 758 1328 820 verbis

163 864 302 930 utuntur,
332 865 366 918 ut
395 856 474 918 alios
501 855 614 917 fallant
643 866 674 918 11
702 856 733 917 in
764 875 905 919 errorem
938 855 1097 920 inducant.
1151 857 1199 920 lta
1229 860 1329 922 etiam

164 961 259 1022 Poen.
284 962 320 1033 V,
343 962 372 1024 2.
395 961 453 1025 74:
480 958 719 1039 Bisulcilingnis,
751 959 840 1039 quasi
864 979 1055 1040 proserpens
1083 961 1204 1035 bestia;
1234 962 1328 1027 Truc.

164 1062 216 1134 IV,
243 1065 272 1126 3.
296 1066 315 1126 7
338 1081 403 1141 sq.:
437 1060 636 1141 Quamquam
668 1079 723 1121 vos
748 1061 910 1122 colubrino
942 1061 1066 1141 ingenio
1096 1066 1208 1124 ambae
1239 1064 1329 1137 estis,

166 1163 256 1226 edico
279 1165 383 1245 prius:
407 1164 452 1224 Ne
475 1163 612 1244 duplices
633 1162 778 1226 habeatis
800 1163 930 1246 linguas,
954 1183 993 1225 ne
1015 1183 1073 1245 ego
1095 1162 1255 1249 bilinguis
1271 1188 1331 1230 vos

165 1285 286 1339 necem,
309 1265 374 1326 Nisi
398 1285 425 1327 e.
449 1286 477 1345 q.
502 1285 527 1328 s.
558 1298 596 1310 -
627 1264 724 1326 Aliter
746 1266 928 1347 accipienda
952 1271 1024 1327 sunt
1045 1269 1141 1328 verba
1164 1268 1206 1329 ad
1228 1269 1330 1330 bilin-

167 1372 316 1449 gnitatem
337 1367 529 1448 serpentium
551 1367 750 1448 pertinentia,
774 1388 856 1448 quac
879 1375 1047 1430 occurrunt
1067 1370 1120 1431 As.
1136 1368 1187 1440 lll,
1202 1372 1233 1436 3.
1254 1374 1328 1438 105:

166 1471 245 1543 ,iace
268 1478 508 1551 proserpentem
531 1470 664 1532 bestiam
688 1490 747 1544 mc,
778 1470 934 1551 duplicem
956 1477 989 1531 ut
1010 1468 1146 1533 habeam
1168 1470 1330 1553 linguam’,

165 1572 185 1636 i.
203 1592 230 1635 e.
247 1572 392 1635 osculans
409 1580 495 1633 tuam
510 1571 648 1652 lingnam
669 1572 761 1655 iunge
777 1592 847 1634 oum
863 1592 944 1646 mea,
966 1572 1009 1634 ita
1032 1578 1066 1633 ut
1081 1573 1171 1653 quasi
1194 1592 1330 1656 serpens
1372 1590 1374 1597 '

165 1675 308 1755 bilinguis
332 1675 403 1763 sim;
436 1675 476 1735 ad
507 1674 693 1737 sententiam
717 1676 773 1737 cfr.
795 1675 907 1737 Pseud,
929 1675 967 1747 V,
992 1678 1019 1741 1.
1045 1677 1083 1741 14
1100 1695 1164 1755 sq.:
1193 1677 1260 1749 ,nbi
1289 1677 1328 1740 ad

166 1777 256 1839 labra
273 1776 387 1837 labella
405 1776 553 1859 adiungit,
577 1776 635 1838 Ubi
657 1777 736 1839 alter
752 1778 885 1839 alterum
906 1776 1035 1858 bilingui
1052 1775 1230 1839 manufesto
1247 1779 1329 1842 inter
1372 1822 1374 1831 .

167 1899 201 1940 11
225 1880 398 1960 prendunt,
422 1878 549 1962 bilingui
571 1878 591 1940 i.
615 1898 641 1940 1.
665 1880 791 1955 osculo;
816 1879 870 1941 cir.
892 1879 987 1941 Arist.
1004 1879 1128 1941 Thesm.
1150 1881 1227 1945 132:
1255 1903 1328 1959 μαν-
1372 1898 1374 1949 ζ

167 1982 314 2065 ὃαλωτῷ;
337 1980 378 2042 id.
396 1980 472 2042 Ach.
491 1983 581 2047 1201.
608 2019 644 2028 —
669 1980 784 2061 Anguis
809 1981 902 2043 ctiam
926 1989 974 2044 est
995 1981 1108 2062 pellem
1132 1987 1257 2045 mutare
1281 1983 1328 2044 vcl
1367 1972 1374 2031 1

168 2091 307 2159 1111111;
339 2101 436 2164 quare
465 2082 527 2144 huc
556 2090 678 2164 spectat
708 2104 770 2145 vox
798 2084 996 2168 versipellis
1031 2102 1113 2163 quae
1146 2083 1261 2145 dicitur
1291 2086 1329 2146 de

168 2185 297 2247 homine
320 2184 434 2246 callido
458 2192 489 2245 et
510 2192 647 2247 versuto.
685 2185 797 2247 Bacch.
820 2184 871 2259 lv,
887 2188 915 2249 4.
932 2187 993 2250 42:
1020 2184 1233 2265 ,vorsipellem
1258 2205 1328 2248 esse
1370 2214 1374 2269 3

67 2292 70 2297 “
168 2287 328 2349 hominem
359 2286 512 2360 convenit,
540 2295 649 2366 pectus
680 2288 754 2367 quoi
784 2287 883 2366 sapit'.
933 2284 1065 2366 Proprio
1095 2293 1201 2349 tamen
1232 2308 1329 2352 sensu
1372 2274 1374 2305 ³

170 2400 337 2471 usurpatur
361 2389 539 2471 rorsipeilis
566 2390 605 2450 de
628 2388 701 2450 love
731 2390 762 2449 in
786 2389 865 2450 alius
887 2388 945 2449 viri
967 2388 1103 2451 formam
1126 2408 1160 2450 se
1184 2397 1331 2453 vertente
1372 2386 1374 2405 ²

169 2492 281 2573 Amph.
303 2492 384 2572 prol.
410 2495 486 2557 123:
511 2491 564 2564 ‚ita
588 2492 786 2573 versipellem
810 2511 844 2553 se
866 2491 956 2552 iacit’.
1372 2476 1374 2481 ¹

253 2593 466 2660 testudineus.
509 2593 578 2656 Aul.
605 2593 628 2667 l,
660 2598 686 2660 1.
718 2596 771 2659 to:
807 2593 1025 2667 ,testudineum
1057 2592 1150 2654 istum
1180 2595 1237 2656 tibi
1272 2615 1332 2679 ego

171 2695 325 2777 grandibo
353 2695 503 2774 gradum’,
533 2695 553 2756 1.
578 2713 604 2757 1.
634 2704 664 2756 11
693 2695 857 2757 testudinis
889 2713 978 2755 more
1007 2695 1098 2755 tardo
1128 2697 1331 2778 gradientem
1372 2686 1374 2691 ⁵

170 2800 210 2859 ad
233 2796 470 2879 properandum
491 2795 638 2858 incitabo.

254 2901 383 2983 unguis,
410 2899 526 2960 animal
549 2910 678 2979 propter
700 2918 840 2961 morsum
864 2906 1051 2959 venenatum
1074 2919 1197 2961 summo
1219 2900 1333 2962 homi-

170 3022 245 3062 num
275 3001 349 3062 odio
379 3001 524 3083 dignum;
553 3020 688 3081 quocum
710 2999 887 3082 Lysimachi
917 3002 1000 3063 senis
1025 3021 1103 3061 uxor
1126 3012 1333 3084 comparatur
1371 2984 1374 3051 3

170 3104 265 3166 Mero.
288 3103 338 3175 lV,
361 3104 390 3167 4.
413 3106 469 3166 21:
491 3121 604 3183 nempe
626 3123 707 3163 uxor
728 3104 792 3163 ruri
816 3111 864 3164 est
887 3110 950 3176 tna,
974 3122 1067 3183 quam
1091 3105 1209 3164 dudum
1234 3107 1334 3167 dixe-
1370 3118 1374 3147 -'

170 3225 222 3268 ras
245 3213 275 3267 11
298 3205 403 3266 odisse
426 3223 527 3285 aeque
549 3212 645 3285 atquc
667 3205 806 3288 angucis.
851 3204 922 3288 (Cir.
946 3206 1023 3267 Hor.
1047 3205 1135 3285 epist.
1150 3205 1173 3275 l,
1198 3208 1247 3271 17.
1271 3211 1333 3274 30:
1371 3244 1374 3251 ·

171 3327 249 3370 cane
271 3308 359 3389 peius
383 3316 412 3368 et
435 3307 556 3392 angue).
580 3347 619 3354 -
643 3307 682 3368 Ut
704 3327 765 3368 vox
790 3308 909 3387 anguis,
931 3307 975 3369 ita
999 3307 1094 3368 etiam
1372 3326 1374 3377 j

256 3411 389 3475 excetra
411 3409 452 3469 ad
476 3410 638 3470 mulierem
662 3408 776 3471 malam
800 3408 998 3469 indicandam
1015 3409 1176 3491 proiertur
1190 3408 1263 3473 Cas.
1280 3398 1374 3482 111,-Ι

172 3516 201 3577 5.
227 3514 281 3577 19:
314 3516 439 3571 excetra
465 3517 517 3586 tu;
548 3518 579 3573 ct
600 3512 712 3574 Pseud.
736 3510 757 3583 l,
781 3514 810 3574 2.
833 3512 884 3575 82.
911 3548 946 3556 -
972 3513 1140 3573 Praeterea
1169 3531 1237 3574 cum
1269 3530 1333 3574 ex-
1363 3532 1366 3537 ·

172 3621 258 3676 cetra
287 3613 317 3673 in
348 3632 479 3673 numero
507 3631 614 3675 earum
638 3613 809 3674 bestiarum
833 3614 881 3687 sit,
906 3612 1089 3694 quibuscum
1112 3632 1216 3695 pugna
1240 3615 1332 3694 peri-

172 3715 278 3778 culosa
303 3722 359 3787 est,
384 3734 475 3776 amor
496 3735 567 3776 cnm
590 3734 628 3777 ca
651 3722 852 3795 comparatur
873 3717 959 3779 Pers.
982 3716 1004 3790 l,
1029 3722 1056 3783 1.
1078 3720 1114 3782 3:
1146 3717 1234 3791 ,Nam
1259 3736 1332 3777 oum
1370 3693 1374 3827 i

170 3818 272 3890 leone,
296 3836 365 3878 cum
389 3825 514 3878 excetra
539 3864 545 3879 .
570 3866 577 3880 .
602 3865 609 3880 .
633 3865 640 3879 .
665 3818 816 3880 deluctari
841 3818 945 3892 malui,
976 3837 1070 3898 quam
1094 3838 1163 3880 cum
1186 3819 1331 3894 Amore’3
1368 3832 1374 3897 1

170 3918 202 3982 h.
226 3920 246 3982 l.
270 3929 396 3981 excetra
424 3918 633 4000 intellegenda
665 3929 713 3983 est
740 3920 840 4002 hydra
870 3921 1021 3993 Lernaea,
1052 3940 1147 4001 qnam
1176 3920 1334 3981 Hercules
1371 3902 1374 3971 ἷ

171 4022 283 4084 vicisse
305 4021 451 4094 traditur,
474 4021 535 4083 vid.
558 4043 587 4102 p.
611 4024 662 4087 24.

255 4124 393 4189 colubra
418 4123 516 4186 semel
545 4126 629 4204 apnd
656 4123 799 4184 Plautum
827 4123 983 4186 invenitur
1012 4126 1107 4188 Stich.
1137 4124 1182 4198 ll,
1213 4126 1240 4189 1.
1270 4126 1330 4189 501

172 4244 260 4306 ,quas
288 4235 320 4287 tn
349 4227 435 4287 vides
464 4225 639 4288 colubras’i
671 4227 702 4287 id
738 4227 820 4306 quod
854 4228 1092 4308 proverbialiter
1127 4227 1166 4288 de
1199 4223 1334 4286 homine

173 4335 277 4389 mente
300 4338 392 4407 capto
416 4330 611 4402 dictumest,
638 4329 690 4409 qui
714 4348 732 4390 a
754 4328 843 4391 1111111
867 4330 978 4413 agitari
1000 4330 1132 4391 videtur.
1176 4325 1332 4393 uoluun-

172 4451 244 4496 nurn
266 4430 423 4513 ingenium
447 4437 494 4493 est
517 4440 662 4504 astutum,
686 4432 842 4509 dolosum,
865 4432 977 4494 fallax:
1001 4434 1090 4494 Truo.
1106 4429 1157 4504 lV,
1179 4426 1242 4535 367³
1261 4447 1333 4501 ,vos

173 4532 336 4594 colubrino
358 4533 484 4614 ingenio
508 4537 620 4596 ambae
643 4534 736 4608 estis',
760 4555 829 4614 sqq.
1068 4610 1073 4622 ,
1181 4600 1203 4655 Ι
