2760 5280
556 420 706 514 23...

55 620 155 685 cuculi
170 620 420 700 appellabantur,
437 620 510 700 quia
526 622 651 682 cuculus
664 621 796 683 aliarum
810 621 914 684 avium
931 620 1022 685 nidos
1037 623 1217 703 frequentat

55 725 164 806 ibique
193 741 253 785 ova
282 740 338 785 sua
368 722 468 802 ponit.
512 721 576 785 cfr.
604 723 696 786 Arist.
724 723 805 786 llist.
837 724 931 786 anim.
963 725 1011 798 Vl,
1043 729 1093 790 72.
1138 724 1214 787 Hor.

57 834 117 890 sat.
140 826 206 901 Li.
222 827 272 891 31.
309 823 462 904 Exempla
484 825 636 886 translata
659 825 859 887 inveniuntur
880 827 933 889 As.
957 828 994 901 V,
1011 830 1039 890 2.
1055 827 1111 892 84:
1136 845 1216 887 cano

57 928 160 1009 capite
182 938 214 989 te
236 926 379 988 cuculum
401 945 482 988 uxor
505 947 544 988 ex
565 927 670 988 lustris
686 927 784 1009 rapit;
808 929 860 990 As.
886 930 919 1001 V,
936 932 965 994 2.
981 931 1037 996 73:
1061 934 1100 990 At
1122 929 1217 989 etiam

57 1036 151 1094 cubat
174 1028 317 1092 cuculus:
341 1048 434 1112 surge
456 1037 590 1091 amator.
639 1030 700 1091 Clr.
723 1029 818 1093 Arist.
842 1029 917 1092 Aah.
941 1032 1017 1098 598:
1040 1032 1118 1107 Δαμ.
1141 1028 1217 1104 ἐχει-

58 1130 237 1219 ροτόνησαν
258 1129 316 1216 γάρ
339 1153 375 1209 με
405 1169 446 1179 -
475 1133 551 1194 Δικ.ε
578 1127 722 1210 κόκκυγές
750 1152 782 1211 γε
804 1139 903 1212 τρεῖς.
947 1131 1018 1195 Cir.
1033 1132 1110 1194 Plat.
1134 1151 1215 1193 com.

58 1256 109 1318 ap.
131 1234 244 1296 Athen.
268 1233 302 1307 ll,
325 1253 355 1313 p.
378 1234 419 1298 68
442 1232 474 1297 C.

143 1336 274 1415 alcedo,
303 1335 404 1416 qualis
428 1335 495 1397 avis
521 1335 623 1407 luerit,
652 1335 752 1397 nostri
775 1336 978 1397 animantium
1002 1336 1217 1417 descriptores

59 1440 164 1503 adhuc
183 1458 248 1500 non
272 1437 522 1519 exploraverunt,
553 1456 744 1518 quamquam
771 1439 854 1518 apud
882 1447 1005 1500 veteres
1033 1437 1218 1519 saepissime

59 1545 345 1611 commemoratur;
363 1540 417 1600 sed
434 1559 503 1601 cum
520 1540 631 1600 alcedo
643 1538 829 1620 plerumque
841 1546 982 1602 vertatur
993 1559 1051 1621 per
1063 1549 1218 1610 nostrum,

58 1641 258 1722 „Eisooqel',
274 1641 356 1704 hanc
371 1661 461 1703 avem
477 1640 528 1702 hic
544 1640 701 1703 collocare
716 1662 780 1702 non
797 1640 945 1703 dubitavi.
979 1640 1097 1703 Dicitur
1113 1649 1217 1702 autem

60 1764 160 1817 mare,
189 1763 258 1805 cum
288 1742 397 1804 alcedo
429 1743 496 1805 ovis
525 1743 662 1816 incubat,
693 1743 786 1823 plane
811 1743 1013 1825 tranquillum
1045 1762 1125 1806 esse.
1169 1743 1218 1803 Ad

59 1847 125 1907 boc
150 1845 318 1925 pertinent,
347 1864 429 1925 quac
457 1846 601 1926 leguntur
626 1845 722 1906 Poen.
753 1845 775 1918 l,
798 1849 828 1910 2.
854 1848 912 1912 113
928 1866 992 1926 sq:
1021 1845 1085 1907 lam
1112 1843 1219 1906 hercle

63 1957 96 2011 tu
118 1947 238 2029 peristi,
269 1945 326 2008 nisi
353 1944 439 2006 illam
467 1946 542 2007 mibi
570 1956 634 2008 tam
664 1947 866 2027 tranquillam
888 1947 976 2020 lacis,
1006 1966 1100 2027 quam
1131 1965 1219 2008 mare

60 2061 109 2112 est
130 2049 216 2122 olim,
239 2067 307 2109 cum
327 2047 369 2108 ibi
393 2049 504 2110 alcedo
521 2049 622 2129 pullos
645 2049 766 2111 educit’.
802 2050 849 2111 llli
872 2050 949 2126 dies,
974 2049 1084 2131 quibus
1108 2049 1218 2111 alcedo

59 2153 129 2214 ovis
144 2151 271 2211 incubat
285 2150 344 2223 vel,
368 2159 401 2212 ut
416 2158 525 2212 nostro
542 2151 611 2212 loco
633 2151 754 2224 dicitur,
777 2171 857 2224 ,cum
881 2153 984 2232 pullos
1000 2151 1105 2213 educit
1126 2153 1220 2224 suos',

59 2255 255 2316 vocabantur
269 2251 419 2333 Alcyonei
442 2253 508 2313 sive
523 2252 695 2314 Alcedonia
719 2272 760 2314 sc.
785 2259 940 2333 tempora.
977 2253 1047 2316 Cas.
1064 2252 1144 2333 prol.
1161 2256 1219 2318 26:

60 2355 242 2431 ,Alcedonia
272 2361 344 2415 sunt
374 2353 457 2415 circa
486 2354 600 2414 lorum’
629 2355 648 2415 i.
673 2374 699 2416 e.
731 2354 835 2414 lorum
866 2364 931 2416 tam
960 2353 1160 2434 tranquillum
1190 2359 1222 2415 et

60 2457 195 2540 negotiis
218 2475 350 2518 vacuum
374 2461 431 2529 est,
456 2475 551 2536 quam
573 2455 632 2517 isto
656 2463 801 2536 tempore
824 2475 920 2518 mare.
957 2456 1043 2518 Idem
1068 2456 1223 2539 significat

60 2560 157 2621 Arist.
184 2563 239 2621 Av.
266 2562 362 2625 1594:
386 2555 593 2631 Ἀλκυονίδας
620 2556 750 2641 ἡμέρας.
800 2558 862 2620 cfr.
885 2557 944 2620 Cic.
974 2559 1013 2619 de
1040 2558 1094 2621 fin.
1118 2558 1140 2632 l,
1165 2560 1220 2634 15;

60 2662 121 2724 Ov.
143 2663 270 2724 Metam.
298 2661 352 2735 xl,
376 2663 438 2725 742
461 2680 530 2740 sqq.
579 2661 706 2721 Aristot.
736 2661 815 2721 Hist.
846 2662 940 2722 anim.
972 2660 1027 2732 IX,
1053 2663 1100 2725 14.
1144 2660 1221 2722 Plin.

61 2765 143 2825 Hist.
170 2772 234 2823 nat.
264 2762 305 2836 X,
327 2765 378 2827 32.
431 2767 501 2823 Aes.
529 2761 593 2822 fab.
625 2763 665 2825 29
697 2762 746 2822 ed.
777 2760 881 2823 Halm.
932 2761 1027 2823 Arist.
1055 2762 1137 2822 Aves
1171 2763 1221 2823 ed.

61 2863 172 2936 Kock.,
196 2865 269 2925 adn.
292 2864 332 2925 ad
356 2884 383 2926 v.
406 2866 478 2929 251.

148 2967 243 3050 picus
259 2983 278 3027 a
292 2966 402 3026 Plauto
420 2966 508 3046 quasi
526 2965 590 3028 avis
612 2964 758 3026 fabulosa
777 2972 810 3026 ut
824 2964 976 3026 Graecum
992 2960 1077 3047 γρύψ
1094 2965 1222 3027 affertur

63 3066 296 3141 Aul.1V,8.l:
320 3066 393 3142 ‚Pici
415 3065 539 3138 divitiis,
564 3065 616 3146 qui
638 3086 751 3128 aureos
772 3074 895 3129 montes
919 3067 1032 3136 colunt,
1055 3067 1121 3146 Ego
1137 3067 1223 3128 solus

62 3175 206 3250 supero';
236 3170 290 3231 cfr.
313 3169 431 3232 Nonius
454 3189 484 3250 p.
510 3172 584 3243 1523
615 3168 796 3229 Herodotus
825 3167 875 3240 lv,
902 3170 939 3234 13
961 3168 1117 3229 Aristeam
1142 3169 1224 3229 Pro-

63 3272 246 3334 connesium
272 3282 433 3334 auctorem
457 3272 550 3333 affert
573 3272 611 3332 de
628 3270 775 3351 Rhipaeis
799 3270 954 3331 montibus
979 3289 1090 3332 aurum
1112 3271 1224 3332 feren-

62 3374 148 3435 tibus
172 3375 225 3434 scd
251 3375 336 3436 aditu
359 3372 548 3436 difficillimis
571 3381 702 3453 propter
724 3392 838 3455 grypes
866 3392 976 3433 aurum
1003 3373 1224 3445 custodientes,

64 3473 180 3556 quibus
211 3493 249 3536 ea
272 3476 311 3535 de
341 3493 434 3536 causa
466 3494 535 3535 cum
559 3475 732 3554 Arimaspis
761 3475 869 3536 vicinis
900 3474 1078 3534 continuum
1108 3474 1223 3536 bellum

64 3585 159 3640 esset.

535 3674 754 3738 Columbae.

152 3778 331 3845 columbus,
373 3780 453 3841 llud.
482 3778 532 3851 lll,
563 3782 592 3841 6.
624 3781 768 3859 49sqq.:
799 3777 912 3852 ‚Credo
940 3778 1036 3840 alium
1065 3779 1097 3837 in
1128 3777 1224 3839 aliam

65 3882 191 3944 belnam
214 3879 374 3940 bominem
397 3882 524 3943 vortier.
568 3880 633 3942 Illic
654 3881 685 3942 in
710 3882 899 3953 columbum,
923 3882 1028 3954 credo,
1050 3879 1122 3941 leno
1146 3899 1228 3941 vor-

65 3985 150 4058 titur,
172 3985 251 4044 Nam
267 3984 298 4042 in
322 3982 494 4044 columbari
517 3982 630 4044 collum
652 3983 715 4045 bau
736 3982 834 4043 multo
851 3990 924 4062 post
940 3983 1007 4069 erit.
1044 3982 1076 4042 ln
1094 4001 1226 4043 nervom

66 4085 120 4146 ille
141 4084 236 4146 hodie
259 4085 439 4145 nidamenta
463 4086 629 4165 congeret'.
664 4084 756 4145 Ludit
776 4084 903 4145 Plautus
928 4083 1029 4146 verbis
1053 4084 1226 4158 columbus,

67 4188 241 4261 columber,
265 4186 393 4260 collum3
419 4187 458 4248 de
480 4187 541 4247 loci
564 4186 719 4249 sententia
741 4186 813 4247 vide
835 4206 866 4265 p.
889 4188 930 4250 37
953 4207 979 4248 s.
1001 4185 1023 4247 l.

155 4290 322 4354 columba:
350 4288 465 4352 blande
495 4289 610 4350 dictum
640 4287 709 4350 Cas.
732 4287 754 4361 l,
779 4291 834 4354 50:
865 4306 953 4349 meus
981 4286 1082 4369 pullus
1105 4305 1227 4366 passer,

69 4410 141 4453 mea
165 4390 310 4454 columba
326 4411 353 4454 e.
370 4413 400 4473 q.
416 4412 440 4454 S.
464 4395 517 4454 As.
534 4389 584 4464 111,
600 4394 628 4456 3.
647 4392 725 4457 103:
749 4390 817 4451 dice
838 4388 931 4472 igitur
954 4408 1004 4450 me
1027 4388 1228 4464 anaticulam,
