<?xml version="1.0" encoding="UTF-8"?>
<!DOCTYPE html PUBLIC "-//W3C//DTD XHTML 1.0 Transitional//EN"
    "http://www.w3.org/TR/xhtml1/DTD/xhtml1-transitional.dtd">
<html xmlns="http://www.w3.org/1999/xhtml" xml:lang="en" lang="en">
 <head>
  <title>
</title>
<meta http-equiv="Content-Type" content="text/html;charset=utf-8" />
  <meta name='ocr-system' content='tesseract 3.04.00' />
  <meta name='ocr-capabilities' content='ocr_page ocr_carea ocr_par ocr_line ocrx_word'/>
</head>
<body>
  <div class='ocr_page' id='page_1' title='image "./decomparationib00wortgoog_0041.png"; bbox 0 0 2760 5280; ppageno 0'>
   <div class='ocr_carea' id='block_1_1' title="bbox 660 535 809 630">
    <p class='ocr_par' dir='ltr' id='par_1_1' title="bbox 660 535 809 630">
     <span class='ocr_line' id='line_1_1' title="bbox 660 535 809 630; baseline 0 -32"><span class='ocrx_word' id='word_1_1' title='bbox 660 535 809 630; x_wconf 29' lang='lat' dir='ltr'>*aa*</span> 
     </span>
    </p>
   </div>
   <div class='ocr_carea' id='block_1_2' title="bbox 162 735 1372 1123">
    <p class='ocr_par' dir='ltr' id='par_1_2' title="bbox 162 735 1372 1123">
     <span class='ocr_line' id='line_1_2' title="bbox 162 735 1324 816; baseline -0.002 -17"><span class='ocrx_word' id='word_1_2' title='bbox 162 775 201 786; x_wconf 90' lang='grc'>-</span> <span class='ocrx_word' id='word_1_3' title='bbox 225 739 317 801; x_wconf 79' lang='lat' dir='ltr'>Bovis</span> <span class='ocrx_word' id='word_1_4' title='bbox 335 738 428 799; x_wconf 92' lang='lat' dir='ltr'>etiam</span> <span class='ocrx_word' id='word_1_5' title='bbox 445 743 492 796; x_wconf 90' lang='lat' dir='ltr'>est</span> <span class='ocrx_word' id='word_1_6' title='bbox 507 754 624 797; x_wconf 90' lang='lat' dir='ltr'>cornua</span> <span class='ocrx_word' id='word_1_7' title='bbox 641 738 805 797; x_wconf 88' lang='lat' dir='ltr'>obvertere</span> <span class='ocrx_word' id='word_1_8' title='bbox 821 735 877 808; x_wconf 89' lang='lat' dir='ltr'>eis,</span> <span class='ocrx_word' id='word_1_9' title='bbox 901 755 979 815; x_wconf 92' lang='lat' dir='ltr'>quos</span> <span class='ocrx_word' id='word_1_10' title='bbox 997 735 1197 815; x_wconf 83' lang='lat' dir='ltr'>aggreditur3</span> <span class='ocrx_word' id='word_1_11' title='bbox 1222 755 1324 816; x_wconf 89' lang='lat' dir='ltr'>quara</span> 
     </span>
     <span class='ocr_line' id='line_1_3' title="bbox 163 837 1325 912; baseline 0 -12"><span class='ocrx_word' id='word_1_12' title='bbox 163 841 202 901; x_wconf 90' lang='lat' dir='ltr'>de</span> <span class='ocrx_word' id='word_1_13' title='bbox 231 841 360 903; x_wconf 92' lang='lat' dir='ltr'>homine</span> <span class='ocrx_word' id='word_1_14' title='bbox 391 838 502 900; x_wconf 85' lang='lat' dir='ltr'>dicitur</span> <span class='ocrx_word' id='word_1_15' title='bbox 523 839 635 900; x_wconf 87' lang='lat' dir='ltr'>Pseud.</span> <span class='ocrx_word' id='word_1_16' title='bbox 659 837 711 912; x_wconf 90' lang='lat' dir='ltr'>lV,</span> <span class='ocrx_word' id='word_1_17' title='bbox 734 841 763 902; x_wconf 88' lang='grc'>3.</span> <span class='ocrx_word' id='word_1_18' title='bbox 788 842 822 903; x_wconf 88' lang='lat'>5:</span> <span class='ocrx_word' id='word_1_19' title='bbox 854 844 971 911; x_wconf 91' lang='lat' dir='ltr'>,metuo</span> <span class='ocrx_word' id='word_1_20' title='bbox 1002 855 1041 897; x_wconf 88' lang='lat' dir='ltr'>ne</span> <span class='ocrx_word' id='word_1_21' title='bbox 1070 837 1146 898; x_wconf 92' lang='lat' dir='ltr'>mihi</span> <span class='ocrx_word' id='word_1_22' title='bbox 1175 840 1325 900; x_wconf 82' lang='lat' dir='ltr'>obvortat</span> 
     </span>
     <span class='ocr_line' id='line_1_4' title="bbox 163 939 1372 1021; baseline -0.002 -17"><span class='ocrx_word' id='word_1_23' title='bbox 163 945 300 1016; x_wconf 87' lang='lat' dir='ltr'>coruua’,</span> <span class='ocrx_word' id='word_1_24' title='bbox 322 944 341 1003; x_wconf 95' lang='lat' dir='ltr'>i.</span> <span class='ocrx_word' id='word_1_25' title='bbox 366 962 392 1004; x_wconf 88' lang='lat' dir='ltr'>e.</span> <span class='ocrx_word' id='word_1_26' title='bbox 416 961 456 1002; x_wconf 93' lang='lat' dir='ltr'>ne</span> <span class='ocrx_word' id='word_1_27' title='bbox 478 939 555 1001; x_wconf 92' lang='lat' dir='ltr'>mihi</span> <span class='ocrx_word' id='word_1_28' title='bbox 578 941 778 1015; x_wconf 89' lang='lat' dir='ltr'>adversetur;</span> <span class='ocrx_word' id='word_1_29' title='bbox 808 939 946 1001; x_wconf 89' lang='lat' dir='ltr'>Klotzius</span> <span class='ocrx_word' id='word_1_30' title='bbox 976 947 1140 1019; x_wconf 87' lang='lat' dir='ltr'>comparat</span> <span class='ocrx_word' id='word_1_31' title='bbox 1166 939 1198 1001; x_wconf 93' lang='lat' dir='ltr'>in</span> <span class='ocrx_word' id='word_1_32' title='bbox 1220 939 1323 1002; x_wconf 82' lang='lat' dir='ltr'>lexico</span> <span class='ocrx_word' id='word_1_33' title='bbox 1370 1014 1372 1021; x_wconf 28' lang='grc' dir='ltr'>Ι</span> 
     </span>
     <span class='ocr_line' id='line_1_5' title="bbox 162 1043 918 1123; baseline -0.004 -17"><span class='ocrx_word' id='word_1_34' title='bbox 162 1054 319 1108; x_wconf 90' lang='lat' dir='ltr'>nostrum:</span> <span class='ocrx_word' id='word_1_35' title='bbox 344 1046 409 1107; x_wconf 83' lang='lat' dir='ltr'>sich</span> <span class='ocrx_word' id='word_1_36' title='bbox 432 1046 493 1123; x_wconf 74' lang='lat' dir='ltr'>aas</span> <span class='ocrx_word' id='word_1_37' title='bbox 510 1046 560 1104; x_wconf 86' lang='lat' dir='ltr'>die</span> <span class='ocrx_word' id='word_1_38' title='bbox 582 1044 780 1105; x_wconf 82' lang='lat' dir='ltr'>Hlnterbeinc</span> <span class='ocrx_word' id='word_1_39' title='bbox 802 1043 918 1104; x_wconf 84' lang='lat' dir='ltr'>stetten.</span> 
     </span>
    </p>
   </div>
   <div class='ocr_carea' id='block_1_3' title="bbox 162 1161 1326 2065">
    <p class='ocr_par' dir='ltr' id='par_1_3' title="bbox 162 1161 1326 2065">
     <span class='ocr_line' id='line_1_6' title="bbox 247 1161 1325 1244; baseline -0.006 -14"><span class='ocrx_word' id='word_1_40' title='bbox 247 1167 368 1231; x_wconf 74' lang='lat' dir='ltr'>iuuenix</span> <span class='ocrx_word' id='word_1_41' title='bbox 399 1163 526 1244; x_wconf 85' lang='lat' dir='ltr'>proprie</span> <span class='ocrx_word' id='word_1_42' title='bbox 552 1164 699 1236; x_wconf 90' lang='lat' dir='ltr'>iuvenca,</span> <span class='ocrx_word' id='word_1_43' title='bbox 729 1163 915 1224; x_wconf 79' lang='lat' dir='ltr'><strong>transfertur</strong></span> <span class='ocrx_word' id='word_1_44' title='bbox 943 1163 982 1223; x_wconf 90' lang='lat' dir='ltr'>ad</span> <span class='ocrx_word' id='word_1_45' title='bbox 1015 1161 1166 1243; x_wconf 85' lang='lat' dir='ltr'>puellam:</span> <span class='ocrx_word' id='word_1_46' title='bbox 1198 1162 1263 1223; x_wconf 88' lang='lat' dir='ltr'>Mil.</span> <span class='ocrx_word' id='word_1_47' title='bbox 1287 1162 1325 1235; x_wconf 85' lang='lat' dir='ltr'>ll,</span> 
     </span>
     <span class='ocr_line' id='line_1_7' title="bbox 162 1263 1324 1347; baseline -0.005 -14"><span class='ocrx_word' id='word_1_48' title='bbox 162 1270 192 1333; x_wconf 87' lang='lat'>3.</span> <span class='ocrx_word' id='word_1_49' title='bbox 215 1270 337 1347; x_wconf 81' lang='lat' dir='ltr'>32sq.:</span> <span class='ocrx_word' id='word_1_50' title='bbox 370 1267 490 1338; x_wconf 88' lang='lat' dir='ltr'>,eadem</span> <span class='ocrx_word' id='word_1_51' title='bbox 520 1265 563 1326; x_wconf 95' lang='lat' dir='ltr'>illi</span> <span class='ocrx_word' id='word_1_52' title='bbox 592 1266 721 1326; x_wconf 83' lang='lat' dir='ltr'>insidias</span> <span class='ocrx_word' id='word_1_53' title='bbox 752 1265 851 1336; x_wconf 88' lang='lat' dir='ltr'>daho,</span> <span class='ocrx_word' id='word_1_54' title='bbox 882 1263 984 1336; x_wconf 82' lang='lat' dir='ltr'>Quam</span> <span class='ocrx_word' id='word_1_55' title='bbox 1014 1283 1089 1325; x_wconf 87' lang='lat' dir='ltr'>mcx</span> <span class='ocrx_word' id='word_1_56' title='bbox 1117 1263 1252 1327; x_wconf 89' lang='lat' dir='ltr'><strong>horsum</strong></span> <span class='ocrx_word' id='word_1_57' title='bbox 1284 1266 1324 1327; x_wconf 88' lang='lat' dir='ltr'>ad</span> 
     </span>
     <span class='ocr_line' id='line_1_8' title="bbox 165 1365 1325 1449; baseline -0.002 -18"><span class='ocrx_word' id='word_1_58' title='bbox 165 1369 321 1431; x_wconf 84' lang='lat' dir='ltr'><strong>stabulum</strong></span> <span class='ocrx_word' id='word_1_59' title='bbox 348 1367 475 1430; x_wconf 87' lang='lat' dir='ltr'>iuvenix</span> <span class='ocrx_word' id='word_1_60' title='bbox 501 1368 631 1449; x_wconf 89' lang='lat' dir='ltr'>recipiat</span> <span class='ocrx_word' id='word_1_61' title='bbox 663 1387 697 1428; x_wconf 92' lang='lat' dir='ltr'>se</span> <span class='ocrx_word' id='word_1_62' title='bbox 727 1386 745 1428; x_wconf 92' lang='lat' dir='ltr'>a</span> <span class='ocrx_word' id='word_1_63' title='bbox 777 1367 912 1448; x_wconf 90' lang='lat' dir='ltr'>pabulo’,</span> <span class='ocrx_word' id='word_1_64' title='bbox 941 1367 960 1433; x_wconf 88' lang='lat' dir='ltr'>i.</span> <span class='ocrx_word' id='word_1_65' title='bbox 984 1386 1011 1429; x_wconf 91' lang='lat' dir='ltr'>e.</span> <span class='ocrx_word' id='word_1_66' title='bbox 1034 1365 1140 1447; x_wconf 88' lang='lat' dir='ltr'>puella</span> <span class='ocrx_word' id='word_1_67' title='bbox 1168 1368 1284 1429; x_wconf 90' lang='lat' dir='ltr'>redeat</span> <span class='ocrx_word' id='word_1_68' title='bbox 1306 1386 1325 1429; x_wconf 91' lang='lat' dir='ltr'>a</span> 
     </span>
     <span class='ocr_line' id='line_1_9' title="bbox 163 1469 1324 1549; baseline 0.001 -18"><span class='ocrx_word' id='word_1_69' title='bbox 163 1470 279 1533; x_wconf 85' lang='lat' dir='ltr'>furtivo</span> <span class='ocrx_word' id='word_1_70' title='bbox 303 1489 412 1532; x_wconf 92' lang='lat' dir='ltr'>amore</span> <span class='ocrx_word' id='word_1_71' title='bbox 429 1471 462 1530; x_wconf 94' lang='lat' dir='ltr'>in</span> <span class='ocrx_word' id='word_1_72' title='bbox 486 1471 581 1532; x_wconf 89' lang='lat' dir='ltr'>aedes</span> <span class='ocrx_word' id='word_1_73' title='bbox 598 1469 713 1548; x_wconf 89' lang='lat' dir='ltr'>militis,</span> <span class='ocrx_word' id='word_1_74' title='bbox 737 1470 822 1532; x_wconf 90' lang='lat' dir='ltr'>cuius</span> <span class='ocrx_word' id='word_1_75' title='bbox 838 1469 869 1529; x_wconf 91' lang='lat' dir='ltr'>in</span> <span class='ocrx_word' id='word_1_76' title='bbox 884 1475 1042 1549; x_wconf 82' lang='lat' dir='ltr'>potestate</span> <span class='ocrx_word' id='word_1_77' title='bbox 1058 1477 1115 1531; x_wconf 89' lang='lat' dir='ltr'>est.</span> <span class='ocrx_word' id='word_1_78' title='bbox 1151 1469 1324 1532; x_wconf 87' lang='lat' dir='ltr'>Lorenzius</span> 
     </span>
     <span class='ocr_line' id='line_1_10' title="bbox 165 1571 1325 1651; baseline 0.001 -18"><span class='ocrx_word' id='word_1_79' title='bbox 165 1581 392 1634; x_wconf 83' lang='lat' dir='ltr'>commemorat</span> <span class='ocrx_word' id='word_1_80' title='bbox 421 1573 459 1634; x_wconf 89' lang='lat' dir='ltr'>ad</span> <span class='ocrx_word' id='word_1_81' title='bbox 491 1572 522 1634; x_wconf 93' lang='lat' dir='ltr'>h.</span> <span class='ocrx_word' id='word_1_82' title='bbox 546 1571 583 1634; x_wconf 64' lang='grc' dir='ltr'>Ι..</span> <span class='ocrx_word' id='word_1_83' title='bbox 613 1572 765 1651; x_wconf 84' lang='lat' dir='ltr'>„luvenix</span> <span class='ocrx_word' id='word_1_84' title='bbox 791 1574 873 1635; x_wconf 85' lang='lat' dir='ltr'>steht</span> <span class='ocrx_word' id='word_1_85' title='bbox 901 1593 960 1634; x_wconf 81' lang='lat' dir='ltr'>aar</span> <span class='ocrx_word' id='word_1_86' title='bbox 988 1572 1067 1633; x_wconf 85' lang='lat' dir='ltr'>noch</span> <span class='ocrx_word' id='word_1_87' title='bbox 1094 1574 1158 1633; x_wconf 81' lang='lat' dir='ltr'>aad</span> <span class='ocrx_word' id='word_1_88' title='bbox 1182 1592 1274 1635; x_wconf 76' lang='lat' dir='ltr'>amar</span> <span class='ocrx_word' id='word_1_89' title='bbox 1294 1575 1325 1634; x_wconf 85' lang='lat' dir='ltr'>in</span> 
     </span>
     <span class='ocr_line' id='line_1_11' title="bbox 165 1673 1326 1757; baseline -0.001 -19"><span class='ocrx_word' id='word_1_90' title='bbox 165 1676 363 1757; x_wconf 81' lang='lat' dir='ltr'>eipentlicher</span> <span class='ocrx_word' id='word_1_91' title='bbox 385 1673 567 1754; x_wconf 78' lang='lat' dir='ltr'>Bedeutanp</span> <span class='ocrx_word' id='word_1_92' title='bbox 590 1676 639 1737; x_wconf 83' lang='lat' dir='ltr'>bei</span> <span class='ocrx_word' id='word_1_93' title='bbox 659 1675 783 1737; x_wconf 91' lang='lat' dir='ltr'>Persius</span> <span class='ocrx_word' id='word_1_94' title='bbox 801 1673 836 1746; x_wconf 89' lang='lat' dir='ltr'>ll,</span> <span class='ocrx_word' id='word_1_95' title='bbox 853 1676 910 1748; x_wconf 79' lang='lat'>47;</span> <span class='ocrx_word' id='word_1_96' title='bbox 934 1675 985 1735; x_wconf 83' lang='lat' dir='ltr'>dic</span> <span class='ocrx_word' id='word_1_97' title='bbox 1006 1675 1179 1735; x_wconf 70' lang='lat' dir='ltr'>rhinischen</span> <span class='ocrx_word' id='word_1_98' title='bbox 1196 1674 1326 1737; x_wconf 82' lang='lat' dir='ltr'>Dichter</span> 
     </span>
     <span class='ocr_line' id='line_1_12' title="bbox 166 1775 1324 1860; baseline 0 -20"><span class='ocrx_word' id='word_1_99' title='bbox 166 1778 314 1841; x_wconf 85' lang='lat' dir='ltr'>erlaahen</span> <span class='ocrx_word' id='word_1_100' title='bbox 335 1777 401 1838; x_wconf 86' lang='lat' dir='ltr'>sich</span> <span class='ocrx_word' id='word_1_101' title='bbox 423 1777 501 1838; x_wconf 82' lang='lat' dir='ltr'>aber</span> <span class='ocrx_word' id='word_1_102' title='bbox 524 1779 678 1840; x_wconf 83' lang='lat' dir='ltr'>bismeilen</span> <span class='ocrx_word' id='word_1_103' title='bbox 705 1779 785 1839; x_wconf 86' lang='lat' dir='ltr'>nach</span> <span class='ocrx_word' id='word_1_104' title='bbox 809 1776 1049 1856; x_wconf 59' lang='lat' dir='ltr'>grieschirchen</span> <span class='ocrx_word' id='word_1_105' title='bbox 1077 1777 1221 1839; x_wconf 84' lang='lat' dir='ltr'>Vorhildc</span> <span class='ocrx_word' id='word_1_106' title='bbox 1245 1775 1273 1860; x_wconf 82' lang='grc' dir='ltr'>(ὃ</span> <span class='ocrx_word' id='word_1_107' title='bbox 1295 1799 1324 1840; x_wconf 85' lang='lat' dir='ltr'>a.</span> 
     </span>
     <span class='ocr_line' id='line_1_13' title="bbox 164 1875 1325 1961; baseline 0.002 -21"><span class='ocrx_word' id='word_1_108' title='bbox 164 1876 184 1957; x_wconf 82' lang='grc' dir='ltr'>ἦ</span> <span class='ocrx_word' id='word_1_109' title='bbox 214 1875 332 1956; x_wconf 82' lang='grc' dir='ltr'>μόσχος</span> <span class='ocrx_word' id='word_1_110' title='bbox 359 1898 388 1939; x_wconf 83' lang='lat' dir='ltr'>a.</span> <span class='ocrx_word' id='word_1_111' title='bbox 421 1883 535 1959; x_wconf 78' lang='grc' dir='ltr'>πῶλος,</span> <span class='ocrx_word' id='word_1_112' title='bbox 564 1876 584 1957; x_wconf 83' lang='grc' dir='ltr'><strong>ἡ</strong></span> <span class='ocrx_word' id='word_1_113' title='bbox 615 1879 727 1961; x_wconf 80' lang='grc' dir='ltr'><strong>πόρτις</strong></span> <span class='ocrx_word' id='word_1_114' title='bbox 755 1881 828 1940; x_wconf 82' lang='lat' dir='ltr'>sehr</span> <span class='ocrx_word' id='word_1_115' title='bbox 858 1879 923 1957; x_wconf 73' lang='lat' dir='ltr'>ost5</span> <span class='ocrx_word' id='word_1_116' title='bbox 954 1880 1049 1958; x_wconf 81' lang='lat' dir='ltr'>ocrpl.</span> <span class='ocrx_word' id='word_1_117' title='bbox 1084 1878 1225 1940; x_wconf 90' lang='lat' dir='ltr'>Damalis</span> <span class='ocrx_word' id='word_1_118' title='bbox 1248 1879 1325 1942; x_wconf 85' lang='lat' dir='ltr'>Hor.</span> 
     </span>
     <span class='ocr_line' id='line_1_14' title="bbox 166 1980 1325 2065; baseline 0.001 -22"><span class='ocrx_word' id='word_1_119' title='bbox 166 1981 217 2043; x_wconf 90' lang='lat' dir='ltr'>od.</span> <span class='ocrx_word' id='word_1_120' title='bbox 233 1980 256 2052; x_wconf 95' lang='grc' dir='ltr'>Ι,</span> <span class='ocrx_word' id='word_1_121' title='bbox 273 1980 323 2065; x_wconf 85' lang='grc'>36)</span> <span class='ocrx_word' id='word_1_122' title='bbox 347 1982 397 2042; x_wconf 78' lang='lat' dir='ltr'>alie</span> <span class='ocrx_word' id='word_1_123' title='bbox 418 1981 541 2043; x_wconf 80' lang='lat' dir='ltr'>Wo&#39;rtcr</span> <span class='ocrx_word' id='word_1_124' title='bbox 562 1980 711 2042; x_wconf 91' lang='lat' dir='ltr'>iuvencus</span> <span class='ocrx_word' id='word_1_125' title='bbox 731 2002 759 2043; x_wconf 85' lang='lat' dir='ltr'>a.</span> <span class='ocrx_word' id='word_1_126' title='bbox 781 1980 911 2041; x_wconf 88' lang='lat' dir='ltr'>iuvenca</span> <span class='ocrx_word' id='word_1_127' title='bbox 933 2009 975 2034; x_wconf 91' lang='lat'><strong><em>=</em></strong></span> <span class='ocrx_word' id='word_1_128' title='bbox 996 1980 1121 2041; x_wconf 80' lang='lat' dir='ltr'>iuuenix</span> <span class='ocrx_word' id='word_1_129' title='bbox 1139 2001 1210 2043; x_wconf 87' lang='lat' dir='ltr'>oom</span> <span class='ocrx_word' id='word_1_130' title='bbox 1224 1981 1325 2062; x_wconf 76' lang='lat' dir='ltr'>Janp-</span> 
     </span>
    </p>
   </div>
   <div class='ocr_carea' id='block_1_4' title="bbox 166 2083 1326 2258">
    <p class='ocr_par' dir='ltr' id='par_1_4' title="bbox 166 2083 1326 2258">
     <span class='ocr_line' id='line_1_15' title="bbox 166 2083 1326 2164; baseline 0.001 -19"><span class='ocrx_word' id='word_1_131' title='bbox 166 2085 246 2164; x_wconf 82' lang='lat' dir='ltr'>linpe</span> <span class='ocrx_word' id='word_1_132' title='bbox 269 2085 332 2145; x_wconf 83' lang='lat' dir='ltr'>and</span> <span class='ocrx_word' id='word_1_133' title='bbox 354 2083 506 2145; x_wconf 74' lang='lat' dir='ltr'>lllttclchcn</span> <span class='ocrx_word' id='word_1_134' title='bbox 527 2104 567 2145; x_wconf 80' lang='lat' dir='ltr'>aa</span> <span class='ocrx_word' id='word_1_135' title='bbox 588 2085 795 2163; x_wconf 81' lang='lat' dir='ltr'>pebranclcea,</span> <span class='ocrx_word' id='word_1_136' title='bbox 822 2084 905 2145; x_wconf 85' lang='lat' dir='ltr'>nicht</span> <span class='ocrx_word' id='word_1_137' title='bbox 933 2085 1010 2145; x_wconf 83' lang='lat' dir='ltr'>ohne</span> <span class='ocrx_word' id='word_1_138' title='bbox 1031 2083 1326 2164; x_wconf 79' lang='lat' dir='ltr'>Nebcabedeutaap.</span> 
     </span>
     <span class='ocr_line' id='line_1_16' title="bbox 167 2183 893 2258; baseline 0.003 -13"><span class='ocrx_word' id='word_1_139' title='bbox 167 2185 244 2246; x_wconf 89' lang='lat' dir='ltr'>Hor.</span> <span class='ocrx_word' id='word_1_140' title='bbox 268 2187 319 2245; x_wconf 90' lang='lat' dir='ltr'>od.</span> <span class='ocrx_word' id='word_1_141' title='bbox 342 2183 378 2256; x_wconf 91' lang='lat' dir='ltr'>ll,</span> <span class='ocrx_word' id='word_1_142' title='bbox 401 2185 430 2248; x_wconf 79' lang='grc'>8.</span> <span class='ocrx_word' id='word_1_143' title='bbox 454 2187 512 2258; x_wconf 78' lang='lat'>213</span> <span class='ocrx_word' id='word_1_144' title='bbox 537 2183 627 2246; x_wconf 84' lang='lat' dir='ltr'>ovid.</span> <span class='ocrx_word' id='word_1_145' title='bbox 649 2184 723 2245; x_wconf 87' lang='lat' dir='ltr'>Her.</span> <span class='ocrx_word' id='word_1_146' title='bbox 748 2184 783 2257; x_wconf 91' lang='lat' dir='ltr'>V,</span> <span class='ocrx_word' id='word_1_147' title='bbox 808 2187 893 2249; x_wconf 84' lang='lat'>117”.</span> 
     </span>
    </p>
   </div>
   <div class='ocr_carea' id='block_1_5' title="bbox 167 2302 1329 2486">
    <p class='ocr_par' dir='ltr' id='par_1_5' title="bbox 167 2302 1329 2486">
     <span class='ocr_line' id='line_1_17' title="bbox 251 2302 1329 2376; baseline -0.002 -7"><span class='ocrx_word' id='word_1_148' title='bbox 251 2304 375 2369; x_wconf 82' lang='lat' dir='ltr'>uitellus</span> <span class='ocrx_word' id='word_1_149' title='bbox 402 2303 518 2364; x_wconf 88' lang='lat' dir='ltr'>blanda</span> <span class='ocrx_word' id='word_1_150' title='bbox 547 2303 662 2365; x_wconf 88' lang='lat' dir='ltr'>dictum</span> <span class='ocrx_word' id='word_1_151' title='bbox 691 2304 744 2365; x_wconf 81' lang='lat' dir='ltr'>As.</span> <span class='ocrx_word' id='word_1_152' title='bbox 766 2302 817 2376; x_wconf 93' lang='grc' dir='ltr'>ΙΙΙ,</span> <span class='ocrx_word' id='word_1_153' title='bbox 840 2306 870 2370; x_wconf 86' lang='grc'>3.</span> <span class='ocrx_word' id='word_1_154' title='bbox 893 2309 948 2369; x_wconf 79' lang='lat'>77:</span> <span class='ocrx_word' id='word_1_155' title='bbox 977 2323 1027 2365; x_wconf 89' lang='lat' dir='ltr'>me</span> <span class='ocrx_word' id='word_1_156' title='bbox 1052 2311 1139 2366; x_wconf 86' lang='lat' dir='ltr'>tuum</span> <span class='ocrx_word' id='word_1_157' title='bbox 1163 2303 1234 2367; x_wconf 86' lang='lat' dir='ltr'>dice</span> <span class='ocrx_word' id='word_1_158' title='bbox 1257 2324 1329 2369; x_wconf 89' lang='lat' dir='ltr'>esse</span> 
     </span>
     <span class='ocr_line' id='line_1_18' title="bbox 167 2405 530 2486; baseline -0.003 -18"><span class='ocrx_word' id='word_1_159' title='bbox 167 2406 216 2469; x_wconf 91' lang='lat' dir='ltr'>vel</span> <span class='ocrx_word' id='word_1_160' title='bbox 239 2405 377 2468; x_wconf 89' lang='lat' dir='ltr'>vitellum</span> <span class='ocrx_word' id='word_1_161' title='bbox 401 2424 428 2467; x_wconf 90' lang='lat' dir='ltr'>e.</span> <span class='ocrx_word' id='word_1_162' title='bbox 453 2427 481 2486; x_wconf 87' lang='lat' dir='ltr'>q.</span> <span class='ocrx_word' id='word_1_163' title='bbox 506 2428 530 2467; x_wconf 90' lang='lat' dir='ltr'>s.</span> 
     </span>
    </p>
   </div>
   <div class='ocr_carea' id='block_1_6' title="bbox 168 2627 1332 2792">
    <p class='ocr_par' dir='ltr' id='par_1_6' title="bbox 168 2627 1332 2792">
     <span class='ocr_line' id='line_1_19' title="bbox 168 2627 1332 2709; baseline 0.003 -22"><span class='ocrx_word' id='word_1_164' title='bbox 168 2647 236 2687; x_wconf 91' lang='lat' dir='ltr'>rem</span> <span class='ocrx_word' id='word_1_165' title='bbox 266 2628 397 2688; x_wconf 84' lang='lat' dir='ltr'>arcessit</span> <span class='ocrx_word' id='word_1_166' title='bbox 421 2629 561 2689; x_wconf 89' lang='lat' dir='ltr'>iumento</span> <span class='ocrx_word' id='word_1_167' title='bbox 593 2646 660 2699; x_wconf 87' lang='lat' dir='ltr'>suo,</span> <span class='ocrx_word' id='word_1_168' title='bbox 690 2628 710 2688; x_wconf 89' lang='lat' dir='ltr'>i.</span> <span class='ocrx_word' id='word_1_169' title='bbox 738 2647 764 2688; x_wconf 86' lang='lat' dir='ltr'>e.</span> <span class='ocrx_word' id='word_1_170' title='bbox 794 2647 850 2689; x_wconf 89' lang='lat' dir='ltr'>sua</span> <span class='ocrx_word' id='word_1_171' title='bbox 880 2628 981 2706; x_wconf 91' lang='lat' dir='ltr'>culpa,</span> <span class='ocrx_word' id='word_1_172' title='bbox 1011 2628 1083 2708; x_wconf 91' lang='lat' dir='ltr'>quia</span> <span class='ocrx_word' id='word_1_173' title='bbox 1111 2627 1180 2709; x_wconf 88' lang='lat' dir='ltr'>ipse</span> <span class='ocrx_word' id='word_1_174' title='bbox 1209 2631 1250 2691; x_wconf 91' lang='lat' dir='ltr'>ad</span> <span class='ocrx_word' id='word_1_175' title='bbox 1280 2649 1332 2691; x_wconf 87' lang='lat' dir='ltr'>me</span> 
     </span>
     <span class='ocr_line' id='line_1_20' title="bbox 169 2730 309 2792; baseline -0.014 0"><span class='ocrx_word' id='word_1_176' title='bbox 169 2730 309 2792; x_wconf 86' lang='lat' dir='ltr'>accessit.</span> 
     </span>
    </p>
   </div>
   <div class='ocr_carea' id='block_1_7' title="bbox 255 1224 1372 2727">
    <p class='ocr_par' dir='ltr' id='par_1_7' title="bbox 255 1224 1372 2727">
     <span class='ocr_line' id='line_1_21' title="bbox 1369 1224 1372 1267; baseline 0 0"><span class='ocrx_word' id='word_1_177' title='bbox 1369 1224 1372 1267; x_wconf 85' lang='lat' dir='ltr'>l</span> 
     </span>
     <span class='ocr_line' id='line_1_22' title="bbox 255 2500 1372 2669; baseline -0.001 -78"><span class='ocrx_word' id='word_1_178' title='bbox 255 2529 442 2591; x_wconf 85' lang='lat' dir='ltr'>iumentum:</span> <span class='ocrx_word' id='word_1_179' title='bbox 470 2527 583 2607; x_wconf 85' lang='lat' dir='ltr'>Amph.</span> <span class='ocrx_word' id='word_1_180' title='bbox 606 2526 629 2597; x_wconf 94' lang='grc' dir='ltr'>Ι,</span> <span class='ocrx_word' id='word_1_181' title='bbox 655 2528 681 2590; x_wconf 92' lang='grc' dir='ltr'>Ι.</span> <span class='ocrx_word' id='word_1_182' title='bbox 707 2529 783 2591; x_wconf 74' lang='lat' dir='ltr'>lit:</span> <span class='ocrx_word' id='word_1_183' title='bbox 811 2526 875 2587; x_wconf 92' lang='lat' dir='ltr'>lllic</span> <span class='ocrx_word' id='word_1_184' title='bbox 896 2526 993 2587; x_wconf 89' lang='lat' dir='ltr'>homo</span> <span class='ocrx_word' id='word_1_185' title='bbox 1017 2547 1034 2588; x_wconf 93' lang='lat' dir='ltr'>a</span> <span class='ocrx_word' id='word_1_186' title='bbox 1058 2500 1107 2587; x_wconf 85' lang='lat' dir='ltr'>me</span> <span class='ocrx_word' id='word_1_187' title='bbox 1130 2526 1189 2588; x_wconf 92' lang='lat' dir='ltr'>sihi</span> <span class='ocrx_word' id='word_1_188' title='bbox 1211 2528 1332 2590; x_wconf 90' lang='lat' dir='ltr'>malam</span> <span class='ocrx_word' id='word_1_189' title='bbox 1368 2524 1372 2669; x_wconf 61' lang='lat'><strong>¹</strong></span> 
     </span>
     <span class='ocr_line' id='line_1_23' title="bbox 1369 2682 1372 2727; baseline 0 0"><span class='ocrx_word' id='word_1_190' title='bbox 1369 2682 1372 2727; x_wconf 78' lang='lat' dir='ltr'>l</span> 
     </span>
    </p>
   </div>
   <div class='ocr_carea' id='block_1_8' title="bbox 619 2848 877 2930">
    <p class='ocr_par' dir='ltr' id='par_1_8' title="bbox 619 2848 877 2930">
     <span class='ocr_line' id='line_1_24' title="bbox 619 2848 877 2930; baseline 0.004 -21"><span class='ocrx_word' id='word_1_191' title='bbox 619 2848 877 2930; x_wconf 89' lang='lat' dir='ltr'>Multungula.</span> 
     </span>
    </p>
   </div>
   <div class='ocr_carea' id='block_1_9' title="bbox 170 2969 1372 4585">
    <p class='ocr_par' dir='ltr' id='par_1_9' title="bbox 170 2952 1372 4585">
     <span class='ocr_line' id='line_1_25' title="bbox 254 2969 1333 3053; baseline -0.003 -18"><span class='ocrx_word' id='word_1_192' title='bbox 254 2969 466 3053; x_wconf 81' lang='lat' dir='ltr'>elephantus:</span> <span class='ocrx_word' id='word_1_193' title='bbox 496 2969 590 3031; x_wconf 86' lang='lat' dir='ltr'>Stich.</span> <span class='ocrx_word' id='word_1_194' title='bbox 614 2970 636 3042; x_wconf 90' lang='grc' dir='ltr'>Ι,</span> <span class='ocrx_word' id='word_1_195' title='bbox 659 2972 688 3034; x_wconf 88' lang='grc'>3.</span> <span class='ocrx_word' id='word_1_196' title='bbox 715 2973 752 3035; x_wconf 80' lang='grc' dir='ltr'>ΙΙ</span> <span class='ocrx_word' id='word_1_197' title='bbox 769 2989 852 3049; x_wconf 89' lang='lat' dir='ltr'>sqq.:</span> <span class='ocrx_word' id='word_1_198' title='bbox 885 2969 998 3042; x_wconf 88' lang='lat' dir='ltr'>,audivi</span> <span class='ocrx_word' id='word_1_199' title='bbox 1027 2989 1124 3051; x_wconf 90' lang='lat' dir='ltr'>saepe</span> <span class='ocrx_word' id='word_1_200' title='bbox 1149 2969 1212 3031; x_wconf 91' lang='lat' dir='ltr'>hoc</span> <span class='ocrx_word' id='word_1_201' title='bbox 1235 2971 1333 3053; x_wconf 85' lang='lat' dir='ltr'>volgo</span> 
     </span>
     <span class='ocr_line' id='line_1_26' title="bbox 171 3070 1372 3153; baseline 0.002 -20"><span class='ocrx_word' id='word_1_202' title='bbox 171 3071 278 3147; x_wconf 86' lang='lat' dir='ltr'>dicier,</span> <span class='ocrx_word' id='word_1_203' title='bbox 301 3071 405 3132; x_wconf 88' lang='lat' dir='ltr'>solere</span> <span class='ocrx_word' id='word_1_204' title='bbox 422 3070 624 3152; x_wconf 89' lang='lat' dir='ltr'>elephantum</span> <span class='ocrx_word' id='word_1_205' title='bbox 639 3071 801 3153; x_wconf 89' lang='lat' dir='ltr'>gravidam</span> <span class='ocrx_word' id='word_1_206' title='bbox 818 3077 988 3152; x_wconf 90' lang='lat' dir='ltr'>perpetuos</span> <span class='ocrx_word' id='word_1_207' title='bbox 1005 3072 1113 3133; x_wconf 87' lang='lat' dir='ltr'>decem</span> <span class='ocrx_word' id='word_1_208' title='bbox 1130 3089 1200 3135; x_wconf 89' lang='lat' dir='ltr'>esse</span> <span class='ocrx_word' id='word_1_209' title='bbox 1216 3091 1332 3136; x_wconf 90' lang='lat' dir='ltr'>annos.</span> <span class='ocrx_word' id='word_1_210' title='bbox 1368 3070 1372 3149; x_wconf 64' lang='grc' dir='ltr'><strong>ἶ</strong></span> 
     </span>
     <span class='ocr_line' id='line_1_27' title="bbox 170 3173 1372 3259; baseline 0.002 -25"><span class='ocrx_word' id='word_1_211' title='bbox 170 3175 243 3236; x_wconf 89' lang='lat' dir='ltr'>Eius</span> <span class='ocrx_word' id='word_1_212' title='bbox 267 3173 447 3236; x_wconf 85' lang='lat' dir='ltr'>exsemine</span> <span class='ocrx_word' id='word_1_213' title='bbox 471 3175 550 3235; x_wconf 88' lang='lat' dir='ltr'>haec</span> <span class='ocrx_word' id='word_1_214' title='bbox 571 3180 689 3235; x_wconf 89' lang='lat' dir='ltr'>certost</span> <span class='ocrx_word' id='word_1_215' title='bbox 711 3173 821 3247; x_wconf 83' lang='lat' dir='ltr'>fames,</span> <span class='ocrx_word' id='word_1_216' title='bbox 845 3194 918 3236; x_wconf 90' lang='lat' dir='ltr'>nam</span> <span class='ocrx_word' id='word_1_217' title='bbox 941 3174 1004 3235; x_wconf 91' lang='lat' dir='ltr'>iam</span> <span class='ocrx_word' id='word_1_218' title='bbox 1027 3174 1204 3257; x_wconf 88' lang='lat' dir='ltr'>complures</span> <span class='ocrx_word' id='word_1_219' title='bbox 1228 3193 1334 3237; x_wconf 90' lang='lat' dir='ltr'>annos</span> <span class='ocrx_word' id='word_1_220' title='bbox 1370 3244 1372 3259; x_wconf 44' lang='grc' dir='ltr'>Ι</span> 
     </span>
     <span class='ocr_line' id='line_1_28' title="bbox 171 3275 1333 3358; baseline 0.001 -20"><span class='ocrx_word' id='word_1_221' title='bbox 171 3284 262 3338; x_wconf 89' lang='lat' dir='ltr'>utero</span> <span class='ocrx_word' id='word_1_222' title='bbox 286 3278 397 3339; x_wconf 91' lang='lat' dir='ltr'>haeret</span> <span class='ocrx_word' id='word_1_223' title='bbox 419 3280 508 3339; x_wconf 88' lang='lat' dir='ltr'>meo’.</span> <span class='ocrx_word' id='word_1_224' title='bbox 547 3276 608 3338; x_wconf 80' lang='lat' dir='ltr'>cfr.</span> <span class='ocrx_word' id='word_1_225' title='bbox 624 3277 701 3338; x_wconf 90' lang='lat' dir='ltr'>Plin.</span> <span class='ocrx_word' id='word_1_226' title='bbox 717 3277 747 3338; x_wconf 89' lang='lat' dir='ltr'>h.</span> <span class='ocrx_word' id='word_1_227' title='bbox 763 3298 793 3338; x_wconf 93' lang='lat' dir='ltr'>n.</span> <span class='ocrx_word' id='word_1_228' title='bbox 809 3277 887 3351; x_wconf 92' lang='lat' dir='ltr'>Vlll‚</span> <span class='ocrx_word' id='word_1_229' title='bbox 905 3279 959 3342; x_wconf 87' lang='lat'>10:</span> <span class='ocrx_word' id='word_1_230' title='bbox 984 3275 1196 3358; x_wconf 88' lang='lat' dir='ltr'>,elephantum</span> <span class='ocrx_word' id='word_1_231' title='bbox 1219 3276 1333 3339; x_wconf 86' lang='lat' dir='ltr'>decem</span> 
     </span>
     <span class='ocr_line' id='line_1_29' title="bbox 171 3372 1372 3461; baseline 0.002 -21"><span class='ocrx_word' id='word_1_232' title='bbox 171 3380 261 3440; x_wconf 91' lang='lat' dir='ltr'>annis</span> <span class='ocrx_word' id='word_1_233' title='bbox 283 3386 409 3461; x_wconf 89' lang='lat' dir='ltr'>gestare</span> <span class='ocrx_word' id='word_1_234' title='bbox 423 3378 454 3438; x_wconf 95' lang='lat' dir='ltr'>in</span> <span class='ocrx_word' id='word_1_235' title='bbox 470 3388 560 3439; x_wconf 87' lang='lat' dir='ltr'>utero</span> <span class='ocrx_word' id='word_1_236' title='bbox 582 3378 690 3458; x_wconf 89' lang='lat' dir='ltr'>vulgus</span> <span class='ocrx_word' id='word_1_237' title='bbox 709 3378 874 3440; x_wconf 84' lang='lat' dir='ltr'>existimat.</span> <span class='ocrx_word' id='word_1_238' title='bbox 911 3378 1097 3443; x_wconf 82' lang='lat' dir='ltr'>Aristoteles</span> <span class='ocrx_word' id='word_1_239' title='bbox 1120 3378 1250 3440; x_wconf 91' lang='lat' dir='ltr'>hiennio</span> <span class='ocrx_word' id='word_1_240' title='bbox 1275 3399 1335 3443; x_wconf 89' lang='lat' dir='ltr'>nec</span> <span class='ocrx_word' id='word_1_241' title='bbox 1369 3372 1372 3433; x_wconf 86' lang='lat' dir='ltr'>l</span> 
     </span>
     <span class='ocr_line' id='line_1_30' title="bbox 172 3479 1333 3562; baseline 0.002 -21"><span class='ocrx_word' id='word_1_242' title='bbox 172 3480 304 3561; x_wconf 92' lang='lat' dir='ltr'>amplius</span> <span class='ocrx_word' id='word_1_243' title='bbox 329 3500 421 3562; x_wconf 87' lang='lat' dir='ltr'>quarn</span> <span class='ocrx_word' id='word_1_244' title='bbox 439 3480 577 3561; x_wconf 87' lang='lat' dir='ltr'>singulos</span> <span class='ocrx_word' id='word_1_245' title='bbox 593 3481 729 3562; x_wconf 81' lang='lat' dir='ltr'>gignere,</span> <span class='ocrx_word' id='word_1_246' title='bbox 752 3479 857 3540; x_wconf 91' lang='lat' dir='ltr'>vivere</span> <span class='ocrx_word' id='word_1_247' title='bbox 873 3481 1001 3542; x_wconf 89' lang='lat' dir='ltr'>ducenis</span> <span class='ocrx_word' id='word_1_248' title='bbox 1017 3481 1106 3542; x_wconf 89' lang='lat' dir='ltr'>annis</span> <span class='ocrx_word' id='word_1_249' title='bbox 1128 3488 1159 3541; x_wconf 88' lang='lat' dir='ltr'>et</span> <span class='ocrx_word' id='word_1_250' title='bbox 1173 3482 1333 3560; x_wconf 89' lang='lat' dir='ltr'>quosdam</span> 
     </span>
     <span class='ocr_line' id='line_1_31' title="bbox 171 3581 1334 3664; baseline 0.004 -21"><span class='ocrx_word' id='word_1_251' title='bbox 171 3582 316 3645; x_wconf 88' lang='lat' dir='ltr'>trecenis.</span> <span class='ocrx_word' id='word_1_252' title='bbox 360 3582 487 3644; x_wconf 86' lang='lat' dir='ltr'>iuventa</span> <span class='ocrx_word' id='word_1_253' title='bbox 517 3600 626 3643; x_wconf 90' lang='lat' dir='ltr'>eorum</span> <span class='ocrx_word' id='word_1_254' title='bbox 655 3601 673 3642; x_wconf 91' lang='lat' dir='ltr'>a</span> <span class='ocrx_word' id='word_1_255' title='bbox 704 3581 901 3662; x_wconf 83' lang='lat' dir='ltr'>sexagesimo</span> <span class='ocrx_word' id='word_1_256' title='bbox 930 3583 1054 3664; x_wconf 87' lang='lat' dir='ltr'>incipit’.</span> <span class='ocrx_word' id='word_1_257' title='bbox 1102 3582 1189 3644; x_wconf 90' lang='lat' dir='ltr'>ldem</span> <span class='ocrx_word' id='word_1_258' title='bbox 1219 3591 1334 3648; x_wconf 89' lang='lat' dir='ltr'>auctor</span> 
     </span>
     <span class='ocr_line' id='line_1_32' title="bbox 171 3683 1364 3766; baseline 0.003 -21"><span class='ocrx_word' id='word_1_259' title='bbox 171 3685 243 3746; x_wconf 93' lang='lat' dir='ltr'>hist.</span> <span class='ocrx_word' id='word_1_260' title='bbox 268 3691 330 3745; x_wconf 90' lang='lat' dir='ltr'>nat.</span> <span class='ocrx_word' id='word_1_261' title='bbox 355 3686 455 3764; x_wconf 88' lang='lat' dir='ltr'>prael.</span> <span class='ocrx_word' id='word_1_262' title='bbox 478 3684 677 3764; x_wconf 91' lang='lat' dir='ltr'>proverbium</span> <span class='ocrx_word' id='word_1_263' title='bbox 699 3685 824 3746; x_wconf 90' lang='lat' dir='ltr'>laudat:</span> <span class='ocrx_word' id='word_1_264' title='bbox 848 3683 996 3757; x_wconf 85' lang='lat' dir='ltr'>,Celerius</span> <span class='ocrx_word' id='word_1_265' title='bbox 1012 3684 1170 3766; x_wconf 88' lang='lat' dir='ltr'>elephanti</span> <span class='ocrx_word' id='word_1_266' title='bbox 1185 3687 1332 3765; x_wconf 74' lang='lat' dir='ltr'>pariunt,</span> <span class='ocrx_word' id='word_1_267' title='bbox 1357 3750 1364 3757; x_wconf 83' lang='grc'>,</span> 
     </span>
     <span class='ocr_line' id='line_1_33' title="bbox 174 3786 1336 3870; baseline 0.003 -23"><span class='ocrx_word' id='word_1_268' title='bbox 174 3786 259 3867; x_wconf 89' lang='lat' dir='ltr'>quod</span> <span class='ocrx_word' id='word_1_269' title='bbox 281 3786 313 3846; x_wconf 95' lang='lat' dir='ltr'>in</span> <span class='ocrx_word' id='word_1_270' title='bbox 337 3805 393 3848; x_wconf 88' lang='lat' dir='ltr'>eos</span> <span class='ocrx_word' id='word_1_271' title='bbox 415 3786 537 3860; x_wconf 87' lang='lat' dir='ltr'>dicitur,</span> <span class='ocrx_word' id='word_1_272' title='bbox 561 3788 613 3868; x_wconf 89' lang='lat' dir='ltr'>qui</span> <span class='ocrx_word' id='word_1_273' title='bbox 636 3787 727 3850; x_wconf 91' lang='lat' dir='ltr'>nimis</span> <span class='ocrx_word' id='word_1_274' title='bbox 748 3787 832 3848; x_wconf 87' lang='lat' dir='ltr'>lente</span> <span class='ocrx_word' id='word_1_275' title='bbox 849 3795 942 3867; x_wconf 89' lang='lat' dir='ltr'>atque</span> <span class='ocrx_word' id='word_1_276' title='bbox 963 3788 1099 3870; x_wconf 88' lang='lat' dir='ltr'>segniter</span> <span class='ocrx_word' id='word_1_277' title='bbox 1115 3787 1232 3869; x_wconf 89' lang='lat' dir='ltr'>aliquid</span> <span class='ocrx_word' id='word_1_278' title='bbox 1249 3807 1336 3850; x_wconf 90' lang='lat' dir='ltr'>con-</span> 
     </span>
     <span class='ocr_line' id='line_1_34' title="bbox 173 3888 1335 3971; baseline 0.004 -22"><span class='ocrx_word' id='word_1_279' title='bbox 173 3888 289 3950; x_wconf 89' lang='lat' dir='ltr'>ficiant.</span> <span class='ocrx_word' id='word_1_280' title='bbox 313 3927 353 3935; x_wconf 96' lang='lat'>—</span> <span class='ocrx_word' id='word_1_281' title='bbox 375 3888 568 3970; x_wconf 91' lang='lat' dir='ltr'>Elephantus</span> <span class='ocrx_word' id='word_1_282' title='bbox 592 3899 639 3952; x_wconf 91' lang='lat' dir='ltr'>est</span> <span class='ocrx_word' id='word_1_283' title='bbox 660 3890 775 3951; x_wconf 92' lang='lat' dir='ltr'>animal</span> <span class='ocrx_word' id='word_1_284' title='bbox 797 3889 889 3949; x_wconf 85' lang='lat' dir='ltr'>ferox</span> <span class='ocrx_word' id='word_1_285' title='bbox 909 3894 941 3949; x_wconf 93' lang='lat' dir='ltr'>et</span> <span class='ocrx_word' id='word_1_286' title='bbox 960 3889 1074 3968; x_wconf 83' lang='lat' dir='ltr'>ingenti</span> <span class='ocrx_word' id='word_1_287' title='bbox 1092 3893 1210 3951; x_wconf 92' lang='lat' dir='ltr'>robore</span> <span class='ocrx_word' id='word_1_288' title='bbox 1231 3908 1335 3971; x_wconf 89' lang='lat' dir='ltr'>prae-</span> 
     </span>
     <span class='ocr_line' id='line_1_35' title="bbox 174 3990 1335 4072; baseline 0.005 -21"><span class='ocrx_word' id='word_1_289' title='bbox 174 3992 281 4063; x_wconf 89' lang='lat' dir='ltr'>ditum,</span> <span class='ocrx_word' id='word_1_290' title='bbox 312 4010 419 4052; x_wconf 89' lang='lat' dir='ltr'>verum</span> <span class='ocrx_word' id='word_1_291' title='bbox 442 3998 546 4052; x_wconf 90' lang='lat' dir='ltr'>tamen</span> <span class='ocrx_word' id='word_1_292' title='bbox 571 3993 610 4052; x_wconf 91' lang='lat' dir='ltr'>ah</span> <span class='ocrx_word' id='word_1_293' title='bbox 632 3990 811 4053; x_wconf 91' lang='lat' dir='ltr'>hominihus</span> <span class='ocrx_word' id='word_1_294' title='bbox 833 3991 876 4052; x_wconf 92' lang='lat' dir='ltr'>ita</span> <span class='ocrx_word' id='word_1_295' title='bbox 899 3993 1115 4072; x_wconf 78' lang='lat' dir='ltr'>perdometur,</span> <span class='ocrx_word' id='word_1_296' title='bbox 1138 3998 1172 4054; x_wconf 92' lang='lat' dir='ltr'>ut</span> <span class='ocrx_word' id='word_1_297' title='bbox 1194 3994 1234 4054; x_wconf 90' lang='lat' dir='ltr'>ad</span> <span class='ocrx_word' id='word_1_298' title='bbox 1259 4015 1335 4057; x_wconf 88' lang='lat' dir='ltr'>sar-</span> 
     </span>
     <span class='ocr_line' id='line_1_36' title="bbox 175 4075 1334 4175; baseline 0.01 -25"><span class='ocrx_word' id='word_1_299' title='bbox 175 4093 321 4153; x_wconf 80' lang='lat' dir='ltr'>riendum</span> <span class='ocrx_word' id='word_1_300' title='bbox 344 4102 474 4175; x_wconf 91' lang='lat' dir='ltr'>paratus</span> <span class='ocrx_word' id='word_1_301' title='bbox 499 4094 548 4156; x_wconf 92' lang='lat' dir='ltr'>sit.</span> <span class='ocrx_word' id='word_1_302' title='bbox 584 4093 676 4155; x_wconf 86' lang='lat' dir='ltr'>Cuius</span> <span class='ocrx_word' id='word_1_303' title='bbox 692 4094 737 4153; x_wconf 90' lang='lat' dir='ltr'>rei</span> <span class='ocrx_word' id='word_1_304' title='bbox 753 4093 907 4154; x_wconf 88' lang='lat' dir='ltr'>rationem</span> <span class='ocrx_word' id='word_1_305' title='bbox 927 4095 1024 4156; x_wconf 91' lang='lat' dir='ltr'>habet</span> <span class='ocrx_word' id='word_1_306' title='bbox 1039 4075 1222 4175; x_wconf 81' lang='lat' dir='ltr'>Astaphium</span> <span class='ocrx_word' id='word_1_307' title='bbox 1239 4097 1334 4161; x_wconf 88' lang='lat' dir='ltr'>Truc.</span> 
     </span>
     <span class='ocr_line' id='line_1_37' title="bbox 174 4193 1334 4279; baseline 0.007 -25"><span class='ocrx_word' id='word_1_308' title='bbox 174 4193 212 4267; x_wconf 92' lang='lat' dir='ltr'>ll,</span> <span class='ocrx_word' id='word_1_309' title='bbox 228 4198 257 4257; x_wconf 84' lang='lat'>2.</span> <span class='ocrx_word' id='word_1_310' title='bbox 274 4198 413 4262; x_wconf 80' lang='lat'>62—64:</span> <span class='ocrx_word' id='word_1_311' title='bbox 438 4197 563 4272; x_wconf 88' lang='lat' dir='ltr'>,Verum</span> <span class='ocrx_word' id='word_1_312' title='bbox 587 4215 645 4277; x_wconf 85' lang='lat' dir='ltr'>ego</span> <span class='ocrx_word' id='word_1_313' title='bbox 667 4196 752 4257; x_wconf 92' lang='lat' dir='ltr'>illum</span> <span class='ocrx_word' id='word_1_314' title='bbox 775 4215 965 4277; x_wconf 88' lang='lat' dir='ltr'>quamquam</span> <span class='ocrx_word' id='word_1_315' title='bbox 985 4196 1140 4260; x_wconf 89' lang='lat' dir='ltr'>violentus</span> <span class='ocrx_word' id='word_1_316' title='bbox 1157 4204 1214 4272; x_wconf 92' lang='lat' dir='ltr'>est,</span> <span class='ocrx_word' id='word_1_317' title='bbox 1237 4218 1334 4279; x_wconf 88' lang='lat' dir='ltr'>spero</span> 
     </span>
     <span class='ocr_line' id='line_1_38' title="bbox 174 4295 1333 4378; baseline 0.005 -22"><span class='ocrx_word' id='word_1_318' title='bbox 174 4295 334 4359; x_wconf 90' lang='lat' dir='ltr'>immutari</span> <span class='ocrx_word' id='word_1_319' title='bbox 361 4305 445 4378; x_wconf 90' lang='lat' dir='ltr'>pote.</span> <span class='ocrx_word' id='word_1_320' title='bbox 501 4299 741 4372; x_wconf 86' lang='lat' dir='ltr'>Blandimentis‚</span> <span class='ocrx_word' id='word_1_321' title='bbox 771 4299 958 4369; x_wconf 89' lang='lat' dir='ltr'>oramentis,</span> <span class='ocrx_word' id='word_1_322' title='bbox 987 4298 1097 4360; x_wconf 88' lang='lat' dir='ltr'>ceteris</span> <span class='ocrx_word' id='word_1_323' title='bbox 1129 4300 1333 4362; x_wconf 89' lang='lat' dir='ltr'>meretriciis:</span> 
     </span>
     <span class='ocr_line' id='line_1_39' title="bbox 177 4395 1333 4482; baseline 0.007 -24"><span class='ocrx_word' id='word_1_324' title='bbox 177 4398 245 4460; x_wconf 89' lang='lat' dir='ltr'>Vidi</span> <span class='ocrx_word' id='word_1_325' title='bbox 262 4401 406 4480; x_wconf 87' lang='lat' dir='ltr'>equidem</span> <span class='ocrx_word' id='word_1_326' title='bbox 421 4399 621 4482; x_wconf 90' lang='lat' dir='ltr'>elephantum</span> <span class='ocrx_word' id='word_1_327' title='bbox 633 4400 741 4462; x_wconf 83' lang='lat' dir='ltr'>ludum</span> <span class='ocrx_word' id='word_1_328' title='bbox 756 4401 907 4463; x_wconf 89' lang='lat' dir='ltr'>domitum</span> <span class='ocrx_word' id='word_1_329' title='bbox 918 4399 987 4460; x_wconf 90' lang='lat' dir='ltr'>fieri</span> <span class='ocrx_word' id='word_1_330' title='bbox 999 4408 1093 4480; x_wconf 89' lang='lat' dir='ltr'>atque</span> <span class='ocrx_word' id='word_1_331' title='bbox 1109 4395 1187 4465; x_wconf 82' lang='lat' dir='ltr'>alias</span> <span class='ocrx_word' id='word_1_332' title='bbox 1202 4402 1333 4466; x_wconf 88' lang='lat' dir='ltr'>beluas’.</span> 
     </span>
     <span class='ocr_line' id='line_1_40' title="bbox 176 4497 1336 4585; baseline 0.004 -25"><span class='ocrx_word' id='word_1_333' title='bbox 176 4497 237 4562; x_wconf 84' lang='lat' dir='ltr'>cn.</span> <span class='ocrx_word' id='word_1_334' title='bbox 261 4500 350 4564; x_wconf 92' lang='lat' dir='ltr'>Ovid.</span> <span class='ocrx_word' id='word_1_335' title='bbox 373 4502 462 4565; x_wconf 86' lang='lat' dir='ltr'>Trist.</span> <span class='ocrx_word' id='word_1_336' title='bbox 486 4501 535 4576; x_wconf 90' lang='lat' dir='ltr'>lV,</span> <span class='ocrx_word' id='word_1_337' title='bbox 552 4506 581 4567; x_wconf 90' lang='grc'>6.</span> <span class='ocrx_word' id='word_1_338' title='bbox 598 4504 696 4569; x_wconf 83' lang='lat'>7-8:</span> <span class='ocrx_word' id='word_1_339' title='bbox 725 4501 888 4583; x_wconf 83' lang='lat' dir='ltr'>‚Quaeque</span> <span class='ocrx_word' id='word_1_340' title='bbox 911 4501 958 4564; x_wconf 92' lang='lat' dir='ltr'>sui</span> <span class='ocrx_word' id='word_1_341' title='bbox 981 4503 1106 4565; x_wconf 90' lang='lat' dir='ltr'>monitis</span> <span class='ocrx_word' id='word_1_342' title='bbox 1130 4508 1336 4585; x_wconf 89' lang='lat' dir='ltr'>obtemperat</span> 
     </span>
    </p>
   </div>
   <div class='ocr_carea' id='block_1_10' title="bbox 1369 4600 1372 4695">
    <p class='ocr_par' dir='ltr' id='par_1_10' title="bbox 1369 4600 1372 4695">
     <span class='ocr_line' id='line_1_41' title="bbox 1369 4600 1372 4695; baseline 0 0"><span class='ocrx_word' id='word_1_343' title='bbox 1369 4600 1372 4695; x_wconf 91' lang='lat' dir='ltr'>l</span> 
     </span>
    </p>
   </div>
   <div class='ocr_carea' id='block_1_11' title="bbox 0 0 1401 5280">
    <p class='ocr_par' dir='ltr' id='par_1_11' title="bbox 0 0 1401 5280">
     <span class='ocr_line' id='line_1_42' title="bbox 0 0 1401 5280; baseline 0 0"><span class='ocrx_word' id='word_1_344' title='bbox 0 0 1401 5280; x_wconf 95' lang='lat' dir='ltr'> </span> 
     </span>
    </p>
   </div>
  </div>
 </body>
</html>
