2760 5280
523 649 557 719 d.
598 648 738 721 Pisces.

136 806 247 889 piscis,
283 801 336 864 As.
352 802 374 874 I,
398 804 427 866 3.
444 803 501 865 26:
526 802 626 882 ,quasi
648 801 741 881 piscis
764 799 872 861 itidem
897 806 945 860 est
961 805 1086 860 amatur
1102 799 1211 870 lenae’,

51 905 178 970 tertium
201 902 446 984 comparationis
461 903 590 965 Plautus
605 903 673 984 ipse
690 903 791 964 addit:
816 908 993 982 ,nequamst
1009 901 1067 963 nisi
1082 903 1210 964 recens’.

52 1009 160 1069 Altero
183 1008 254 1069 Ioco
269 1005 471 1068 Diniarchum
493 1005 693 1086 impatienter
716 1007 884 1069 adveutum
899 1004 1032 1067 lavantis
1047 1004 1212 1065 Phronesii

55 1117 271 1192 expectantem
300 1109 417 1170 comice
447 1108 601 1170 dicentem
632 1107 706 1169 facit
734 1109 824 1170 Truc.
847 1106 883 1180 ΙΙ,
907 1109 936 1171 3.
962 1109 996 1172 I:
1029 1105 1124 1188 piscis
1152 1126 1211 1187 ego

54 1213 161 1285 credo,
193 1211 245 1292 qui
274 1213 470 1291 usquedum
494 1210 601 1271 vivont
623 1208 738 1284 lavant,
772 1210 871 1270 minos
895 1208 947 1268 diu
971 1207 1088 1279 lavare,
1117 1228 1211 1290 quam

52 1315 135 1377 haec
156 1313 241 1375 lavat
261 1312 479 1375 Phronesium.
504 1312 660 1374 -Piscis
684 1321 732 1374 est
754 1310 928 1395 symbolum
953 1311 1112 1385 stultitiae,
1143 1330 1211 1372 cum

55 1416 208 1490 fraudem,
237 1436 297 1497 qua
328 1415 461 1496 capitur,
490 1433 553 1473 non
582 1415 705 1475 sentIat.
749 1414 795 1474 De
821 1412 999 1475 hominibus
1026 1414 1129 1497 igitur,
1160 1415 1211 1495 qui

55 1519 149 1599 plane
171 1518 375 1597 decipiuntur,
399 1516 489 1597 quasi
512 1516 551 1575 de
573 1515 711 1597 piscibus
735 1515 845 1576 dicitur
867 1513 956 1576 Cure.
972 1514 1022 1587 III,
1044 1519 1100 1581 61:
1124 1535 1212 1579 meus

55 1619 107 1680 hio
129 1627 185 1694 est,
212 1618 341 1679 hamum
366 1624 469 1693 vorat;
500 1619 592 1679 Most.
615 1619 653 1690 V,
677 1621 704 1684 I.
728 1621 783 1681 22:
817 1617 885 1677 Non
910 1637 967 1700 ego
989 1617 1032 1678 illi
1055 1619 1213 1698 extemplo

56 1723 185 1797 hamum
211 1721 394 1782 ostendam:
418 1720 535 1782 sensim
559 1719 677 1780 mittam
700 1720 832 1794 lineam;
861 1721 949 1781 Truc.
973 1718 995 1794 Ι,
1021 1722 1048 1785 I.
1072 1725 1127 1786 21:
1159 1720 1212 1781 in-

57 1825 146 1885 terim
171 1823 222 1883 ille
242 1821 372 1884 hamum
394 1831 501 1897 vurat;
524 1822 588 1883 Mil.
603 1821 640 1894 ΙΙ,
657 1826 687 1887 6.
703 1823 760 1887 98:
784 1841 954 1902 ,nunquam
976 1822 1084 1884 hercle
1100 1843 1139 1884 ex
1154 1824 1213 1886 ista

58 1945 153 1986 nassa
185 1944 243 2007 ego
268 1925 319 2008 (sc.
344 1924 433 2004 quasi
461 1924 563 2008 piscis)
586 1923 684 1984 hodie
707 1942 811 1984 escam
834 1927 959 2003 petam'.
1004 1924 1065 1987 cfr.
1089 1923 1148 1987 Cic.
1173 1928 1213 1986 ad

58 2031 119 2089 Att.
142 2028 210 2101 XV,
233 2030 283 2093 20.
307 2030 342 2091 2:
373 2045 421 2100 ,ex
450 2027 511 2087 hac
536 2045 632 2088 nassa
660 2026 745 2086 exire
765 2018 940 2101 constitui&
970 2024 1012 2088 id.
1037 2027 1076 2087 de
1098 2035 1214 2090 senect.
1271 2024 1275 2033 ’

59 2128 140 2203 ΧΙΙΙ,
156 2129 185 2213 ξ.
202 2131 260 2193 44:
283 2128 397 2201 ,diviua
420 2129 502 2189 enim
517 2128 606 2190 Plato
630 2146 734 2191 escam
760 2128 913 2190 malorum
937 2129 1077 2208 appellat
1098 2131 1215 2211 volup-

57 2238 153 2294 tatem
178 2231 332 2317 (Timaeus
356 2251 387 2310 p.
410 2234 451 2297 69
468 2230 513 2314 D),
542 2227 627 2311 quud
657 2250 694 2291 ea
720 2230 865 2291 videlicet
885 2231 1029 2292 homines
1053 2232 1215 2312 capiantur

58 2341 92 2394 ut
120 2334 241 2413 pisces'.
264 2370 306 2378 -
328 2332 528 2392 Meretricum
559 2339 717 2413 quaestus,
749 2350 841 2412 quem
872 2333 1004 2411 aucupio
1026 2332 1215 2394 simillimum

60 2453 130 2496 esse
160 2434 222 2495 aliu
250 2433 322 2495 loco
352 2433 413 2512 (As.
441 2433 473 2511 Ι,
504 2436 532 2498 3.
561 2436 697 2500 63-72.
727 2454 758 2514 p.
787 2436 837 2518 36)
873 2434 1121 2497 demonstratum
1159 2444 1215 2503 est.

59 2557 129 2598 cum
158 2535 276 2616 piscatu
307 2542 509 2616 comparatur
537 2534 650 2598 Bacch.
676 2535 698 2609 I,
729 2538 756 2601 I.
785 2538 843 2601 69:
877 2538 950 2617 quia
978 2536 1115 2618 piscatus
1146 2558 1216 2600 meo

59 2639 184 2720 quidem
215 2638 321 2700 auimo
350 2637 402 2698 hic
432 2637 485 2698 tibi
515 2637 611 2699 hodie
640 2639 743 2700 evenit
765 2642 876 2701 bonus.
899 2678 941 2686 -
962 2640 1123 2702 Proverbii
1145 2642 1216 2702 loco

59 2747 132 2813 stat,
163 2742 248 2820 quod
276 2740 403 2801 obviam
424 2738 461 2800 fit
482 2742 535 2800 As.
558 2739 580 2811 I,
607 2742 634 2803 l.
657 2740 697 2803 86
722 2759 784 2820 sq.:
817 2741 936 2813 ‚iubeas
959 2761 1021 2802 una
1044 2760 1143 2821 opera
1166 2763 1217 2805 me

58 2842 174 2923 piscari
197 2841 229 2900 in
253 2859 337 2912 aere,
361 2842 469 2902 venari
493 2848 597 2904 autem
620 2841 751 2903 reticulo
774 2842 805 2902 in
829 2843 932 2904 medio
955 2843 1052 2917 mari’,
1075 2843 1094 2904 i.
1112 2865 1139 2906 e.
1155 2864 1217 2921 res,

60 2962 143 3026 quae
165 2941 248 3003 effici
269 2961 333 3003 non
355 2950 488 3022 possunt
508 2943 558 3004 vel
580 2962 681 3006 vanae
705 2951 786 3007 sunt.
803 2983 843 2991 —
859 2946 1022 3030 llrpiscarl
1045 2967 1104 3027 pro
1127 2968 1218 3010 scru-

59 3045 120 3108 tari
144 3051 229 3107 extat
251 3045 334 3125 apud
357 3044 536 3107 Terentium
559 3044 685 3107 Phurm.
707 3045 743 3120 ΙΙ,
766 3048 795 3111 3.
819 3050 870 3113 35.

144 3166 311 3212 muraena.
360 3146 473 3226 Amph.
503 3147 533 3219 I,
565 3150 592 3213 I.
622 3149 696 3213 163:
731 3147 792 3222 ,hic
826 3167 875 3209 me
910 3150 1001 3230 quasi
1032 3170 1216 3213 muraenam

60 3268 211 3311 exossare
234 3248 376 3332 cogitat:
400 3268 551 3311 exossare
574 3251 703 3333 proprie
726 3251 766 3311 de
784 3251 881 3332 spinis
896 3252 1028 3333 piscium
1045 3254 1217 3317 eximendis

60 3351 183 3424 dicitur,
205 3351 357 3414 hocloco
381 3353 513 3413 eandem
537 3353 603 3413 fere
626 3353 811 3414 sententiam
831 3358 971 3434 praebet,
995 3376 1075 3437 quae
1089 3357 1171 3421 inest
1186 3359 1217 3419 in

60 3450 239 3513 Horatiano
269 3452 337 3534 (sat.
364 3453 394 3526 Ι,
423 3458 451 3519 5.
480 3454 549 3538 23);
583 3456 676 3526 ,fuste
710 3456 838 3518 dolare'.
889 3457 1002 3519 Pseud.
1031 3456 1052 3531 l,
1082 3462 1111 3524 3.
1142 3462 1216 3526 148:

60 3557 230 3629 ,exossabo
254 3573 312 3637 ego
334 3555 419 3615 illum
443 3556 583 3617 similiter
605 3557 709 3618 itidem
733 3565 767 3618 ut
790 3576 971 3619 muraenam
995 3563 1133 3640 coquos’.

146 3657 302 3741 anguilla,
330 3657 424 3737 piscis
452 3658 589 3720 lubricus
619 3667 650 3719 et
676 3659 767 3720 facile
790 3659 932 3722 manibus
956 3662 1086 3725 elabeus
1109 3670 1217 3725 trans-

60 3757 160 3819 fertur
183 3758 223 3830 ,in
246 3759 405 3820 hominem
428 3760 458 3820 in
483 3761 672 3841 disputando
694 3761 1044 3842 incomprehensibilem
1068 3772 1099 3827 et
1113 3765 1217 3827 lubri-

62 3862 141 3922 eum'
165 3847 370 3947 (Plin'Epist.
394 3861 416 3934 l,
440 3864 489 3947 20)
516 3864 629 3926 Pseud.
653 3864 689 3939 Il,
713 3867 741 3928 4.
764 3868 818 3931 57:
850 3866 1035 3947 ‚anguillast
1064 3867 1217 3932 elabitur'.

61 3963 140 4025 Nos:
168 3983 202 4025 er
221 3968 262 4025 ist
282 3965 362 4042 platt
382 3966 440 4026 wie
463 3968 511 4027 eiu
532 3966 603 4029 Aul.
648 3972 740 4039 Δεῖος
763 3963 869 4054 ὥσπερ
892 3966 1027 4049 taxetur:
1057 3968 1216 4051 Aristoph.

61 4065 141 4144 frag.
165 4084 214 4146 ap.
238 4065 351 4127 Athen.
374 4065 438 4140 VII,
460 4087 491 4147 p.
515 4071 586 4133 299.

147 4186 265 4233 maena
286 4168 378 4248 piscis
401 4168 479 4241 vilis,
504 4169 556 4250 qui
580 4169 745 4252 degluptus
769 4178 800 4233 et
821 4172 922 4235 salsus
938 4171 1117 4235 homiuibus
1133 4193 1219 4255 pau-

62 4267 189 4348 perihus
218 4270 286 4331 cibo
315 4279 397 4344 erat,
432 4272 574 4334 convicio
603 4273 696 4334 datur
724 4274 820 4337 Poeu.
849 4276 889 4347 V,
918 4278 947 4339 5.
975 4277 1032 4342 33:
1067 4275 1216 4357 deglupta

62 4388 186 4432 maeno.
