2760 5280
601 510 752 604 *m-

189 708 388 775 uunsimllem
418 726 506 773 esse.
551 706 640 787 Capt.
668 705 691 779 l,
719 709 748 770 2.
778 710 796 770 7
824 727 885 787 sq.:
914 707 994 768 liber
1023 706 1162 787 captivos
1195 707 1265 769 avis

105 814 193 875 ferae
216 809 384 873 consilimis
408 817 464 870 cst.
509 809 569 870 Cir.
592 809 633 870 ib.
656 809 678 881 l,
702 813 731 874 2.
757 811 804 874 14.

189 916 326 979 vincere.
369 913 464 974 Poeu.
493 911 543 985 lll,
575 915 602 979 1.
631 915 673 980 26
703 933 788 993 sqq.:
824 913 850 974 si
880 914 919 975 ad
949 913 1117 993 prandium
1149 931 1203 974 me
1233 913 1264 973 in

107 1017 218 1078 aedem
241 1035 298 1077 vos
321 1016 469 1076 dixissem
498 1015 622 1091 ducere,
652 1015 816 1077 vinceretis
846 1034 971 1076 cervum
995 1035 1150 1077 cursu-
1175 1018 1265 1076 Nunc

107 1141 163 1183 vos
194 1120 266 1202 quia
296 1117 372 1178 mihi
399 1118 571 1181 advocatos
596 1118 660 1179 dixi
682 1127 713 1179 et
735 1119 821 1181 testis
845 1118 969 1192 ducere,
991 1117 1166 1198 Podagrosi
1188 1119 1264 1180 estis

108 1243 145 1286 ac
166 1221 280 1285 vicistis
303 1219 440 1282 cocleam
465 1221 666 1282 tarditudine.

191 1343 361 1410 superare.
404 1323 472 1386 Aul.
502 1321 552 1396 lV,
583 1324 613 1389 8.
645 1327 659 1388 1
693 1344 756 1403 sq.:
788 1323 847 1404 piei
877 1322 989 1393 divitiis
1017 1363 1058 1371 —
1088 1344 1146 1408 ego
1178 1327 1266 1390 solus

108 1447 233 1509 supero.

152 1642 182 1689 c.
216 1613 526 1710 Comparationes
547 1612 801 1710 compluribus
823 1613 1026 1688 enuntiatis
1047 1614 1221 1689 effectae.

100 1819 101 1822 ,
193 1767 288 1829 Stich.
311 1767 333 1840 l,
355 1769 385 1832 3.
410 1770 548 1834 12-15:
571 1766 730 1851 (auditavi)
754 1766 865 1828 Solere
885 1767 1086 1848 elephantum
1102 1770 1268 1852 gravidam

110 1878 281 1952 perpetuos
315 1871 422 1931 decem
452 1869 530 1931 Esse
564 1888 676 1931 annos:
712 1869 777 1931 cius
811 1889 850 1930 ex
882 1869 1002 1931 semine
1035 1870 1114 1932 haee
1147 1880 1271 1935 certost

108 1976 227 2048 fames;
251 1974 327 2035 Nam
343 1972 406 2034 iam
423 1972 600 2052 complures
624 1990 723 2056 annos
745 1978 835 2032 utero
858 1971 969 2034 haeret
990 1992 1079 2049 meo;
1102 1974 1156 2036 cfr.
1173 1976 1270 2038 Most.

42 2053 1270 2156 'mammummaumumuamumm

109 2182 139 2244 4.
165 2181 297 2246 15-17.

193 2281 227 2341 ln
258 2280 403 2341 omnibus
429 2278 478 2341 his
509 2277 677 2341 enuntiatis
708 2279 960 2360 comparationes
989 2283 1126 2343 breviter
1153 2284 1273 2345 absol-

110 2392 232 2458 vuntur,
262 2383 318 2446 sed
349 2402 412 2444 uon
435 2383 524 2443 deest
546 2383 722 2462 exemplum
744 2380 806 2443 huc
827 2389 983 2464 spectans,
1013 2404 1075 2464 quo
1099 2385 1213 2465 quibus
1236 2388 1270 2447 iu

110 2488 205 2549 rebus
221 2486 390 2548 similitudo
411 2485 450 2546 sit
472 2484 585 2566 posita,
606 2484 700 2546 latius
724 2492 910 2566 exponatur.
955 2486 1058 2561 Quod,
1082 2507 1150 2548 cum
1173 2488 1270 2552 huius

1 2621 5 2627 ·
110 2589 195 2651 modi
219 2588 472 2669 comparationes
495 2588 571 2649 satis
594 2607 669 2649 raro
692 2588 774 2668 apud
799 2588 939 2650 Plautum
963 2598 1139 2666 occurrant,
1162 2590 1214 2652 hic
1237 2593 1270 2654 in

111 2698 242 2754 extenso
266 2691 409 2772 prolerre
430 2690 532 2752 liceat.
575 2690 669 2750 Extat
691 2696 795 2751 autem
818 2692 871 2752 As.
893 2691 913 2763 l,
935 2693 964 2756 3.
981 2695 1119 2758 63-72:
1142 2694 1212 2754 Non
1236 2704 1270 2757 tu

111 2795 193 2857 scis‘l
218 2794 269 2856 hic
294 2800 404 2856 noster
430 2798 578 2874 quaestus
601 2791 712 2873 aucupi
736 2792 966 2866 simillimumst,
994 2795 1116 2875 Auceps
1139 2800 1269 2875 quando

112 2896 308 2958 concinnavit
338 2915 454 2969 aream,
482 2895 626 2957 obfundit
655 2894 767 2956 cibum.
796 2933 836 2942 -
864 2915 937 2957 aves
965 2896 1177 2975 Adsuescuut;
1205 2920 1271 2961 ne-

58 2981 61 2987 ’
113 3006 230 3060 cessest
244 2998 349 3060 lacere
365 3004 522 3079 sumptum
539 2998 596 3078 qui
607 2997 731 3078 quaerit
746 2997 876 3060 lucrum.
921 3000 1022 3080 Saepe
1038 3001 1150 3061 edunt:
1169 3004 1270 3064 semel

112 3100 138 3162 si
166 3107 278 3181 captae
303 3107 383 3174 sunt,
411 3120 480 3161 rem
508 3100 634 3162 solvont
665 3100 785 3180 aucupi.
830 3102 939 3164 ltidem
968 3104 1050 3184 apud
1075 3122 1148 3163 nos:
1179 3106 1270 3166 aedis

114 3210 231 3278 areast‚
254 3224 369 3286 auceps
385 3224 453 3267 sum
470 3222 544 3287 ego;
566 3203 678 3265 Escast
700 3202 857 3278 meretrix,
879 3203 977 3266 lectus
992 3205 1077 3266 inlex
1093 3215 1149 3278 est,
1174 3225 1271 3268 ama-

112 3312 198 3368 tores
214 3325 298 3368 aves.
342 3308 426 3368 Bene
441 3305 608 3368 salutando
624 3311 843 3379 consuescunt,
867 3307 1085 3388 compellando
1102 3310 1271 3400 blanditer,

113 3407 304 3480 Osculando,
320 3406 615 3481 orationevinnula,
627 3406 801 3470 venustula.
845 3409 876 3470 Si
892 3410 1040 3491 papillam
1055 3412 1271 3491 pertractavit,

112 3508 197 3572 haud
213 3510 244 3571 id
262 3518 309 3573 est
325 3512 364 3572 ab
380 3530 415 3572 re
431 3510 570 3590 aucupis,
593 3510 718 3572 Savium
742 3510 767 3572 si
791 3512 933 3594 sumpsit,
956 3533 1080 3576 sumere
1103 3534 1173 3575 eum
1196 3513 1270 3575 licet

33 3656 40 3663 -
113 3612 180 3674 siue
204 3613 330 3677 retibus.
