2760 5280
52 722 54 726 '
175 714 256 777 haec
279 724 327 776 est
349 733 427 795 prae
449 712 520 785 illa’‚
542 712 562 774 i.
580 731 605 778 e.
630 713 779 773 deformis
802 712 882 773 haec
905 716 952 770 est
975 717 1158 789 comparata
1182 730 1253 770 cum
1279 710 1343 774 illa.

175 818 267 898 Apud
295 816 433 877 Graecos
464 812 611 892 πιθήκων
640 815 837 876 maledictum
872 812 1009 874 maxime
1041 813 1071 871 in
1105 833 1162 874 usu
1197 821 1268 874 erat
1302 815 1344 875 ad

177 918 409 980 deformitatem
439 917 574 978 hominis
603 916 846 990 ludificandam3
881 916 935 978 cfr.
958 916 1017 977 hos
1040 915 1127 976 locos
1151 933 1191 975 ex
1211 915 1344 977 Aristo-

175 1019 288 1101 phanis
312 1019 483 1081 comoediis
507 1027 686 1099 excerptos:
715 1019 791 1081 Ach.
814 1021 890 1091 907;
919 1017 1001 1080 Eccl.
1027 1018 1126 1091 torm
1156 1018 1234 1078 Rau.
1260 1019 1343 1092 708;

176 1125 232 1183 Av.
249 1123 326 1196 4403
349 1121 460 1204 fragm.
480 1123 558 1194 347;
583 1130 613 1182 et
634 1122 723 1183 Dem.
747 1122 786 1180 de
810 1141 873 1182 cor.
896 1120 926 1202 ξ.
949 1121 1029 1193 242;
1052 1117 1189 1198 Alciphr.
1211 1116 1344 1201 κέρκωψ

176 1222 198 1296 l,
221 1225 278 1298 283
312 1223 343 1283 in
366 1229 477 1282 nostro
500 1225 670 1302 proverbio
695 1222 805 1285 dicitur
829 1223 868 1282 de
891 1221 997 1282 simia:
1026 1223 1081 1283 der
1103 1223 1248 1283 sctousre
1271 1221 1346 1303 Affc

177 1329 217 1388 ist
240 1328 289 1387 ein
311 1325 446 1387 hdsslt'cd
461 1326 542 1404 Dlup
563 1333 581 1401 (
589 1327 739 1387 Wunder:
760 1327 898 1386 deutsct.
915 1324 1165 1403 Sprlcltw.—Lec.
1181 1324 1207 1399 Ι,
1220 1343 1253 1402 p.
1271 1326 1343 1400 35).

179 1428 322 1490 Ceterum
352 1425 447 1488 Simia
477 1445 593 1486 nomen
621 1429 703 1488 servi
730 1427 760 1486 in
783 1427 882 1487 Plauti
904 1424 1061 1486 Pseudulo
1085 1430 1141 1497 est,
1165 1424 1342 1485 Pithecium

179 1547 273 1591 serva
297 1528 474 1609 appellatur
495 1529 585 1590 Truc.
608 1527 646 1602 ll,
670 1533 699 1591 5.
722 1531 772 1602 24,
804 1547 885 1609 quae
913 1526 1042 1587 nomina
1069 1525 1136 1588 sine
1165 1527 1262 1587 dubio
1288 1532 1343 1587 aut

178 1638 309 1712 propter
332 1629 422 1692 faciei
445 1629 581 1710 speciem
606 1636 659 1691 aut
675 1638 804 1711 propter
825 1649 929 1692 mores
948 1629 1094 1690 ridiculos
1116 1626 1176 1688 illis
1193 1627 1341 1707 personis

177 1732 276 1794 indita
299 1739 379 1794 sunt.
405 1768 441 1778 -
464 1732 511 1792 Ad
536 1734 671 1793 eandem
694 1732 826 1794 bestiam
849 1739 969 1812 spectat
991 1730 1163 1792 convicium

262 1835 419 1900 clurinum
441 1852 544 1919 pecus
566 1834 656 1895 Truc.
677 1832 713 1906 ll,
738 1838 766 1898 2.
792 1836 848 1898 14:
871 1834 1064 1894 ‘Pudendum
1088 1850 1164 1892 vero
1187 1830 1341 1891 clurinum

178 1955 273 2018 pecus
289 1936 451 1999 Advenisti
465 1935 527 1996 huc
541 1941 573 1996 te
588 1942 777 1997 ostentatum
795 1955 864 1997 cum
881 1935 1039 1996 exornatis
1059 1934 1207 2009 ossibus’;
1230 1953 1340 1995 servus

179 2046 282 2101 autem
305 2038 458 2119 Astaphio
480 2057 536 2099 seu
559 2037 790 2100 deformitatem
814 2039 1062 2117 exprobraturus
1085 2046 1133 2098 est
1159 2054 1215 2098 seu
1244 2034 1341 2096 mali-

177 2141 262 2214 tiam,
294 2148 328 2202 ut
354 2141 543 2222 Lycophrou
574 2161 601 2201 v.
627 2142 708 2204 1000
734 2139 908 2200 Thersitam
939 2147 1030 2200 vocat
1063 2136 1342 2223 ,πκθηκομόρφον’,

179 2242 252 2324 quia
272 2243 397 2322 ingenio
421 2248 504 2302 esset
527 2240 671 2320 maligno.

689 2396 823 2458 Ferae.

264 2537 371 2597 sorex,
394 2537 526 2599 parvum
542 2517 617 2578 illud
635 2517 761 2589 animal,
778 2518 826 2578 cui
840 2517 985 2578 homiues
1000 2515 1187 2577 insidiantur
1202 2523 1235 2576 et
1250 2515 1341 2576 facile

179 2627 313 2680 mortem
337 2627 460 2699 parant,
481 2618 512 2678 in
535 2618 671 2679 medium
694 2619 854 2699 profertur
877 2618 1057 2681 aTerentio
1080 2619 1157 2679 Eun.
1180 2618 1218 2689 V,
1234 2620 1265 2682 6.
1280 2619 1340 2682 23:

179 2728 303 2802 egomet
326 2719 534 2782 meoiudicio
558 2719 652 2782 miser
676 2721 767 2800 quasi
783 2740 877 2782 sorex
899 2720 994 2782 hodie
1009 2720 1102 2801 perii;
1125 2739 1184 2781 nos
1207 2719 1341 2780 dicimus

179 2823 318 2885 similiter
345 2828 556 2901 ‚,muusctot“‚
590 2822 644 2884 cfr.
673 2821 801 2885 Philem.
835 2823 898 2884 fab.
928 2821 988 2884 inc.
1014 2822 1052 2884 fr.
1083 2820 1206 2884 CXVlll
1236 2821 1341 2905 (Mein.

178 2946 208 3006 p.
225 2926 292 3009 ott:
313 2921 391 2989 'All'
415 2922 593 3004 ἀπόλλυμαι
613 2923 694 2988 κατὰ
718 2923 795 3005 μυὸς
814 2920 957 3007 ὄλεθρον.
981 2925 1122 3005 Append.
1139 2927 1209 2986 Vat.
1224 2922 1262 2997 11,
1282 2926 1341 2989 93:

178 3022 262 3101 Μκός
278 3021 414 3112 ὄλεθρος
430 3026 460 3089 οἱ
481 3026 555 3105 μύες
575 3025 795 3112 ἀποῤῥεόνκων
809 3025 919 3099 αὐτοῖς
938 3030 1001 3090 τῶν
1023 3029 1121 3106 μελῶν
1136 3024 1217 3088 κατὰ
1239 3023 1341 3112 βραχὺ

179 3128 376 3214 φθείρονται.
406 3165 445 3176 -
474 3129 520 3191 De
543 3147 621 3191 voce
642 3129 753 3191 soricis
776 3130 936 3192 derivatur
959 3129 1147 3191 adiectivum
1175 3126 1342 3199 soricinus,

180 3233 265 3311 quod
292 3230 428 3293 occurrit
457 3233 540 3311 apud
562 3232 705 3294 Plautum
727 3232 823 3294 Bach.
846 3232 896 3306 lV,
918 3232 948 3296 0.
971 3233 1025 3297 te:
1054 3250 1129 3311 ,qua
1157 3230 1285 3311 quidem
1309 3236 1342 3290 te

178 3332 293 3393 faciam
324 3332 550 3394 confossiorem
584 3333 718 3394 soricina
749 3332 861 3394 nenia’.
913 3333 1052 3396 Soricina
1082 3332 1175 3394 nenia
1209 3339 1272 3410 est,
1307 3339 1344 3393 ut

179 3432 341 3515 Ussingius
368 3433 515 3515 explicat,
545 3433 671 3496 eiulatio
699 3435 809 3497 soricis
841 3435 1005 3515 deprensi,
1039 3455 1101 3516 qua
1130 3434 1207 3495 nihil
1234 3433 1341 3495 audiri

180 3541 284 3615 potest
306 3535 449 3598 miserius
472 3535 531 3609 vel,
553 3544 586 3598 ut
603 3536 702 3598 Plauti
727 3544 829 3599 aetate
853 3535 965 3618 aliquis
988 3538 1120 3608 dixerat,
1144 3535 1340 3611 confossius3

179 3654 253 3697 nam
276 3636 359 3698 facili
381 3637 550 3721 hypallage
572 3658 634 3700 vox
656 3639 800 3700 animalis
822 3645 887 3701 tam
910 3646 1000 3702 acuta
1019 3646 1147 3719 tamque
1169 3645 1340 3718 penetrans

181 3739 303 3819 etipsa
326 3739 473 3802 confossa
496 3740 616 3804 dicitur.
645 3780 678 3788 -

263 3839 302 3902 Ut
324 3860 342 3903 a
364 3844 463 3902 verbo
488 3843 598 3906 soricis
618 3843 771 3906 formatur
793 3843 957 3917 soricinus,
981 3842 1026 3904 sic
1046 3862 1167 3916 avoco,
1192 3851 1342 3924 quaeest

264 3962 403 4028 mustela
426 3962 587 4024 derivatur
610 3964 801 4037 mustelinus,
825 3965 894 4025 Ter.
917 3965 995 4026 Eun.
1018 3964 1068 4038 lV‚
1091 3967 1121 4029 4.
1137 3967 1178 4029 22
1191 3983 1253 4043 sq.:
1278 3963 1340 4034 ‚hic

181 4069 231 4125 est
252 4062 361 4136 vietus,
384 4071 483 4135 vetus,
506 4072 690 4129 veternosus
714 4087 811 4129 senex
833 4067 947 4130 Colore
969 4066 1155 4129 mustelino’.
1193 4065 1338 4129 Donatus

181 4164 221 4225 ad
251 4165 333 4226 hunc
365 4166 485 4228 locum:
520 4165 671 4241 ,Erravit'‚
702 4169 816 4250 inquit,
851 4171 1023 4242 ‚Terentius
1056 4188 1119 4229 nou
1152 4167 1338 4251 intellegens

179 4265 416 4328 Menandricum
435 4268 512 4330 illud
535 4253 628 4342 οὗτός
650 4269 715 4334 ἐστι
735 4271 890 4351 γαλεώτης
909 4272 1013 4357 γέρων.
1055 4270 1106 4329 hit
1128 4276 1232 4331 autem
1256 4269 1339 4333 stel-

179 4369 305 4441 lionem,
329 4369 453 4443 animal,
475 4372 559 4452 quod
580 4372 720 4434 lacertae
736 4392 799 4434 non
816 4374 964 4438 dissimile
980 4380 1036 4445 est,
1060 4371 1221 4434 maculoso
1239 4373 1338 4435 corio’

181 4488 208 4532 e.
226 4492 255 4552 q.
271 4490 296 4532 s.
333 4472 489 4535 Bentleius
506 4474 669 4536 Menandri
692 4475 752 4537 loci
775 4477 868 4538 ductu
892 4484 922 4537 et
936 4475 1051 4537 indicio
1074 4476 1191 4547 ,colore
1213 4475 1338 4539 stellio-
