2760 5280
109 631 258 693 Menand.
274 650 305 710 p.
321 631 393 694 254.
422 629 500 693 Plat.
516 630 650 694 Phaedr.
667 653 697 713 p.
714 635 774 698 241
788 634 828 694 D:
853 632 895 710 ὡς
909 632 996 697 λύκοι
1012 629 1080 720 ἄρν’
1097 636 1268 716 ἀγαπῶσιν.

110 773 152 785 -
175 733 262 815 Gapt.
284 732 334 807 lv,
358 733 387 796 l.
410 733 445 797 42
468 732 567 807 Quasi
589 742 673 797 esset
695 735 785 817 lupus
810 736 951 798 esuriens
975 738 1078 811 metui,
1101 758 1141 799 ne
1162 739 1194 800 in
1216 759 1268 801 me

109 838 230 899 faceret
250 837 419 915 impetum3
442 832 536 896 Stich.
551 835 603 909 IV,
626 841 655 902 2.
679 840 735 902 25:
759 839 836 900 Nam
859 839 921 900 illic
942 840 1039 902 homo
1061 849 1146 902 tuam
1168 842 1269 903 here·

111 940 239 1002 dilatem
261 936 360 999 inhiat
383 936 474 1016 quasi
496 939 636 999 esuriens
659 938 759 1018 lupus.
796 939 856 1002 Cfr.
873 940 989 1022 Euphr.
1004 942 1097 1004 Mein.
1112 943 1170 1025 frg.
1187 961 1268 1006 com.

110 1042 220 1104 Gracc.
243 1039 294 1116 IV,
316 1058 345 1119 p.
369 1040 430 1105 487
452 1060 481 1100 v.
504 1040 645 1107 30-31:
676 1049 781 1116 χανεῖν
808 1040 911 1124 λύκον,
940 1043 980 1103 de
1008 1064 1071 1125 quo
1095 1045 1267 1126 proverbio

111 1144 167 1205 cfr.
194 1140 340 1204 Leutsch.
371 1141 568 1222 adDiogen.
592 1143 641 1213 Vl,
671 1146 711 1209 20
741 1152 772 1207 et
798 1144 909 1207 Eubul.
930 1145 1007 1226 Aug.
1035 1166 1063 1208 v.
1089 1148 1138 1212 11.
1182 1147 1267 1208 Loco

109 1244 336 1326 Euphroniano
363 1243 442 1305 ludit
471 1249 566 1325 pocta
596 1249 693 1307 verbo
721 1245 814 1309 λύκου
837 1249 870 1309 in
893 1247 1019 1308 nomine
1042 1247 1144 1328 coqui,
1173 1267 1267 1328 quem

109 1330 212 1430 Lycus
241 1345 430 1428 appellatum
460 1347 557 1408 fuisse
586 1349 702 1409 docent
732 1369 780 1411 vv.
807 1354 820 1414 1
855 1355 886 1410 et
913 1351 969 1422 21,
999 1348 1143 1410 similiter
1173 1360 1269 1430 atque
1322 1376 1325 1381 ·

109 1449 235 1510 Plautus
257 1450 352 1509 Poen.
375 1449 425 1519 ΙΙΙ,
448 1451 478 1514 3.
501 1450 542 1514 33
558 1467 619 1528 sq.:
648 1449 739 1510 Hunc
761 1470 852 1524 nunc,
874 1451 965 1533 Lyce,
989 1451 1029 1512 ad
1054 1457 1084 1511 tc
1107 1451 1271 1532 deripien-

109 1553 184 1614 dum
208 1552 403 1614 adducimus.
428 1587 467 1596 —-
490 1549 591 1612 Canes
615 1551 805 1632 compellunt
826 1553 861 1613 in
883 1552 993 1634 plagas
1015 1552 1119 1634 lepide
1142 1553 1268 1635 Lycum.

111 1690 151 1700 —
184 1653 385 1715 Notissimum
419 1670 516 1732 porro
551 1659 599 1713 est
630 1652 705 1712 illud
740 1654 957 1734 proverbium,
991 1654 1075 1735 quod
1110 1654 1204 1716 etiam
1237 1654 1268 1715 in

109 1765 252 1818 nostram
274 1754 412 1834 linguam
436 1754 575 1816 transiit:
599 1755 699 1835 ,lupus
715 1755 746 1816 ln
762 1757 888 1819 fabula’.
926 1755 1013 1817 Haec
1029 1756 1126 1817 verba
1141 1755 1269 1817 obviam

109 1857 190 1918 fiunt
211 1857 243 1917 in
266 1858 336 1918 Ter.
352 1857 410 1917 Ad.
426 1857 478 1930 lv,
504 1860 606 1932 1.·21;
629 1857 756 1920 Plautus
779 1858 874 1939 paulo
898 1858 989 1920 aliter
1011 1856 1084 1917 dicit
1106 1856 1201 1918 Stich.
1216 1857 1268 1929 IV,

112 1965 140 2026 1.
164 1963 218 2024 71:
242 1966 349 2039 ,atque
371 1977 477 2020 eccum
500 1959 554 2019 tibi
577 1959 683 2040 lupum
706 1960 736 2020 in
759 1962 923 2021 sermone’.
968 1959 1013 2019 De
1036 1958 1155 2041 origine
1176 1958 1268 2021 huius

109 2060 215 2140 adagii
245 2061 288 2122 ita
320 2060 445 2122 Servius
472 2063 512 2123 ad
536 2063 629 2141 Verg.
657 2062 720 2124 Ecl.
743 2062 798 2136 lx,
828 2064 886 2128 54:
916 2061 996 2135 ‚lloo
1024 2062 1118 2123 etiam
1146 2063 1268 2145 Physici

108 2161 308 2236 confirmant,
332 2164 416 2243 quod
440 2183 502 2224 vox
525 2163 700 2225 detrahitur
719 2166 758 2238 ei,
781 2184 873 2245 quem
889 2163 1023 2244 primum
1040 2162 1152 2225 viderit
1166 2163 1268 2244 lupus.

107 2265 197 2327 Unde
220 2266 314 2328 etiam
336 2264 541 2345 proverbium
563 2265 625 2327 hoc
646 2272 753 2327 natum
778 2273 841 2328 est:
865 2266 965 2346 ,lupus
988 2265 1020 2325 in
1035 2265 1161 2338 fabula,
1184 2286 1270 2346 quo-

107 2368 167 2429 ties
199 2367 381 2445 supervenit
405 2365 467 2437 ille,
497 2366 536 2425 de
559 2385 622 2445 quo
645 2367 811 2446 loquimur,
841 2376 872 2428 et
893 2367 984 2428 nobis
1008 2386 1064 2428 sua
1087 2368 1269 2442 praesentia

111 2475 256 2548 amputat
283 2466 463 2529 facultatem
492 2467 660 2548 loquendi’.
705 2469 805 2532 Utitur
835 2487 873 2530 eo
900 2467 960 2531 Cic.
983 2468 1045 2530 Art.
1069 2467 1150 2542 XIII,
1173 2470 1214 2536 33
1237 2477 1269 2531 et

109 2571 219 2632 laudat
240 2570 382 2632 Donatus
411 2570 451 2630 ad
474 2569 566 2650 Verg.
589 2571 666 2632 Aen.
689 2570 738 2644 lll,
761 2574 839 2646 4773
870 2571 924 2635 cfr.
948 2570 1081 2633 Theocr.
1105 2571 1189 2651 XIV,
1211 2575 1267 2637 22:

107 2669 146 2735 ού
170 2671 308 2757 cadram
332 2671 423 2734 λύκον
445 2663 545 2746 εἶδες;
569 2670 645 2734 Plin.
668 2672 747 2746 VIII,
771 2676 821 2747 22,
843 2676 894 2739 34.
938 2673 1079 2734 Donatus
1101 2681 1269 2753 praeterea

109 2774 214 2835 addit:
240 2772 307 2846 ‚Alii
331 2780 442 2853 putant
464 2792 502 2834 ex
524 2773 677 2835 nutricum
694 2774 807 2836 fabulis
824 2780 944 2846 uatum,
966 2792 1083 2854 pueros
1100 2773 1269 2836 ludifican-

108 2876 186 2936 tium
214 2881 340 2936 terrore
367 2875 431 2954 lupi
459 2875 610 2954 paulatim
642 2895 659 2936 e
688 2895 784 2937 cavea
809 2875 964 2937 venientis
988 2895 1087 2957 usque
1110 2878 1150 2938 ad
1171 2877 1267 2938 limen

109 2976 252 3038 cubiculi.
303 2976 382 3036 Nam
411 2976 523 3036 falsum
555 2985 612 3050 est,
647 2979 732 3058 quod
766 2977 888 3051 dicitur,
921 2978 1128 3040 intervenisse
1160 2980 1267 3059 lupum

107 3079 289 3140 Naevianae
311 3077 447 3151 fabulae,
476 3079 651 3140 Alimoniae
672 3079 760 3140 Remi
784 3087 815 3141 et
835 3081 969 3153 Romuli,
992 3082 1066 3141 dum
1089 3083 1119 3140 in
1142 3082 1268 3144 theatro

108 3184 273 3262 ageretur’.
307 3215 346 3225 -
378 3180 488 3242 Restat
521 3181 604 3242 aliud
637 3181 839 3262 proverbium
850 3205 861 3255 ‚·
891 3183 976 3262 quod
1008 3182 1164 3244 invenitur
1196 3183 1267 3246 Ter.

109 3282 236 3344 Phorm.
252 3282 304 3356 lll,
321 3285 350 3347 2.
367 3285 422 3348 21:
447 3282 585 3356 ,auribus
608 3292 701 3347 teneo
724 3287 839 3367 lupnm’
861 3285 881 3347 i.
906 3304 933 3346 e.
955 3285 986 3344 iu
1010 3284 1140 3345 summis
1163 3303 1268 3366 angu-

109 3384 176 3447 stiis
207 3403 333 3459 versor;
365 3404 438 3446 nam
470 3385 521 3465 qni
545 3387 650 3468 lupum
675 3389 802 3449 auribus
826 3395 920 3460 tenet,
948 3405 1006 3447 nec
1029 3385 1187 3448 dimittere
1209 3406 1268 3448 nec

110 3486 246 3546 retinere
261 3494 366 3566 potest
381 3488 448 3548 sine
465 3488 614 3567 periculo.
651 3487 805 3559 Meineke‚
821 3488 932 3568 fragm.
950 3506 1030 3549 com.
1046 3487 1097 3557 IV,
1112 3507 1143 3568 p.
1160 3489 1232 3561 446,
1248 3492 1267 3552 5

108 3588 194 3649 hunc
219 3588 321 3651 locum
345 3589 570 3650 Terentianum
598 3590 736 3650 afferens
765 3588 853 3649 addit
875 3590 989 3650 verba:
1019 3590 1171 3663 ,Donatus
1194 3590 1267 3650 for-

108 3699 194 3754 tasse
217 3709 256 3752 ex
277 3691 474 3771 Apollodoro
498 3691 666 3771 adscripsit
686 3709 834 3771 graecum
857 3690 1073 3770 proverbium:
1096 3695 1159 3755 τῶν
1181 3687 1269 3754 ὠτῶν

109 3794 167 3868 ἔχω
194 3790 252 3856 τὸν
278 3790 369 3855 λύκον
396 3789 463 3856 οὔτ’
493 3793 571 3869 ἔχειν
593 3785 657 3855 ούτΙ
681 3789 811 3876 ἀφεῖναι
833 3791 979 3872 δύναμαι.
1024 3794 1086 3860 Cfr.
1108 3802 1266 3855 nostrum:

108 3898 168 3958 dea
185 3896 277 3958 Hund
297 3896 376 3956 ύούκ
399 3896 550 3960 Sedwaaz
572 3899 637 3960 aad
657 3900 717 3959 den
738 3898 824 3977 Wolf
841 3897 920 3959 belm
939 3896 1003 3960 Olor
1024 3897 1128 3957 dullen
1143 3897 1267 3971 (Wun-

110 3999 167 4059 der
188 3999 231 4076 II,
249 4019 284 4079 p.
306 3996 398 4074 883).

192 4101 304 4185 uulpes
327 4106 360 4161 ut
382 4106 430 4161 est
452 4098 553 4162 bestia
577 4110 668 4163 cauta
690 4098 871 4179 pavidaque
894 4117 958 4160 non
980 4098 1072 4160 facile
1095 4104 1267 4160 avenato-

109 4199 196 4261 ribus
229 4203 351 4282 capitur
384 4221 517 4282 eamque
551 4205 591 4264 ob
626 4222 753 4265 oausam
787 4201 950 4282 aptissima
983 4205 1048 4274 est,
1082 4219 1163 4282 quae
1197 4219 1266 4261 cum

108 4300 238 4364 homine
266 4305 380 4366 collido
411 4310 621 4385 comparetur.
665 4305 728 4368 Mil.
751 4304 787 4380 ll,
810 4307 839 4369 2.
864 4306 923 4371 114
947 4302 1020 4387 (ibo)
1042 4322 1143 4385 usque
1165 4301 1267 4364 donec

108 4413 292 4485 persecutus
325 4407 449 4488 volpem
480 4426 535 4468 ero
566 4405 712 4488 vestigiis.
764 4406 825 4469 Cfr.
855 4405 1014 4479 Meinelrc‚
1044 4405 1156 4488 fragm.
1185 4422 1267 4468 corn.
