2760 5280
181 188 185 189 ⁷
200 187 214 190 -
224 163 751 194 -κΜιν-ῄΤ-,ΡῄΗψ-ι
761 161 808 170 -m-
817 57 984 180 ,-

734 532 753 595 4

671 616 820 626 ,-..--.

171 736 243 816 quia
264 753 393 796 necesse
416 739 464 793 est
490 741 543 794 aut
565 733 638 812 quia
661 730 885 814 significantius
908 739 955 791 est
977 734 1030 790 aut
1052 728 1125 807 quia
1148 728 1336 789 decentius'.
1379 725 1380 728 ’

169 838 256 897 Idem
280 845 388 898 auctor
410 834 505 916 paulo
528 835 627 896 infra:
658 834 698 908 ,in
727 842 827 896 totum
851 835 974 904 autem',
1000 829 1108 911 inquit,
1132 832 1336 910 ,metaphora

170 939 298 1000 brevior
310 946 358 1000 est
369 938 537 1003 similitudo
550 957 653 1018 eoque
666 937 770 1009 distat,
786 937 869 1016 quod
883 935 935 996 illa
947 938 1148 1013 comparatur
1162 934 1220 1005 rei,
1238 953 1334 1013 quam

170 1043 313 1104 volumus
336 1042 519 1121 exprimere,
541 1041 622 1101 haec
644 1060 701 1120 pro
723 1039 793 1120 ipsa
815 1057 849 1098 re
873 1037 993 1098 dicitur.
1038 1033 1243 1114 Comparatio
1277 1042 1333 1108 est,

170 1163 242 1204 cum
264 1143 349 1216 dico,
377 1143 489 1205 fecisse
518 1143 591 1222 quid
620 1144 778 1204 hominem
810 1148 854 1216 ,ut
879 1140 1024 1212 leonem',
1052 1137 1231 1211 translatio,
1262 1158 1330 1199 curu

171 1245 241 1306 dico
271 1247 310 1306 de
338 1245 480 1306 homine:
513 1245 572 1318 ‚leo
604 1249 668 1307 est’.
719 1245 789 1318 Qua
817 1262 856 1303 ex
885 1261 921 1302 re
951 1231 1062 1313 elucet,
1095 1239 1331 1313 translationes,

172 1348 287 1428 quippe
315 1366 395 1428 quae
422 1347 512 1428 quasi
539 1347 811 1429 consanguinitate
844 1365 915 1406 cum
948 1343 1236 1424 comparationibus
1271 1343 1332 1406 sint

171 1449 365 1523 coniunctae,
387 1452 448 1511 hac
468 1451 500 1511 in
524 1449 789 1511 commentatione
807 1465 1006 1527 nequaquam
1023 1445 1234 1528 neglegendas
1251 1465 1332 1509 esse.

171 1549 448 1633 Comparationum
471 1552 564 1634 igitur
585 1552 743 1614 notionem
768 1549 967 1631 amplissimis
989 1547 1104 1608 finibus
1126 1547 1169 1609 ita
1192 1549 1334 1611 circum·
1378 1611 1380 1614 .

172 1655 274 1727 cludo,
297 1659 332 1713 ut
354 1655 447 1716 etiam
471 1656 690 1717 translationes
714 1651 971 1732 comprehendat.

257 1754 323 1817 lam
355 1757 394 1817 ad
425 1757 526 1837 ipsam
553 1777 620 1818 rem
643 1756 840 1824 accedamus,
872 1773 965 1833 quam
989 1751 1033 1813 ita
1057 1752 1280 1816 distribuimus
1304 1755 1334 1816 iu

172 1866 240 1921 tres
262 1865 381 1940 partes,
403 1869 437 1920 ut
458 1859 592 1938 primum
616 1859 740 1939 quidem
765 1876 894 1941 agamus
919 1855 957 1915 dc
978 1855 1081 1915 forma
1096 1854 1220 1916 illarum
1239 1877 1334 1918 com-

172 1963 374 2042 parationum
405 1962 618 2023 Plautinarum
652 1968 683 2022 et
715 1959 995 2034 Terentiauarum,
1033 1957 1147 2018 deinde
1180 1960 1220 2019 de
1256 1961 1335 2040 ipsis

173 2065 360 2126 animalibus
384 2064 424 2124 ad
448 2065 695 2144 comparandum
720 2062 845 2125 adscitis
869 2061 934 2122 sive
957 2061 996 2122 de
1018 2060 1048 2120 vi
1064 2069 1158 2151 atque
1174 2063 1337 2126 sententia

173 2165 342 2248 imaginum
375 2164 576 2239 disseramus,
608 2174 768 2246 postremo
797 2165 968 2237 videamus,
1000 2164 1073 2243 quid
1100 2183 1138 2224 ex
1162 2163 1212 2225 his
1239 2185 1338 2227 com-

174 2268 386 2349 parationibus
410 2270 448 2330 de
465 2270 626 2348 utriusque
643 2274 758 2349 poetae
772 2267 903 2348 proprio
919 2266 1044 2349 iugenio
1060 2267 1203 2327 concludi
1218 2270 1337 2348 possit.

176 2567 205 2662 Ι.
251 2566 308 2658 lle
327 2564 448 2656 lerna
469 2565 782 2681 conparationem
803 2565 850 2657 al
871 2564 1047 2659 aninalia
1067 2566 1337 2680 spectantium.

566 2811 614 2878 Α.
659 2810 935 2891 metaphorae.

259 2974 462 3035 Perlustranti
489 2975 746 3056 metaphorarum
768 2995 858 3038 usum
881 2976 972 3038 facile
995 2973 1161 3058 apparebit
1183 2983 1238 3035 aut
1262 2976 1335 3037 sin-

175 3079 249 3160 gula
280 3080 374 3138 verba
405 3084 458 3138 aut
487 3083 554 3136 tota
586 3079 746 3140 encratiata
781 3080 997 3158 metaphorice
1031 3077 1173 3159 exprimi.
1224 3079 1336 3141 llleta-

176 3182 299 3263 phorae
328 3186 441 3253 autern,
470 3199 550 3259 quae
581 3179 621 3242 ad
648 3201 743 3241 unum
766 3183 952 3243 vocabulum
975 3181 1133 3263 pertinent
1153 3179 1203 3243 vel
1224 3182 1335 3262 potius

177 3287 218 3346 ad
244 3302 339 3344 urnam
362 3284 522 3343 notionem
546 3282 783 3362 significandam
808 3284 1005 3358 adhibentur,
1034 3292 1087 3346 aut
1109 3290 1180 3346 sunt
1201 3286 1335 3349 nomina

177 3385 371 3448 substantiva
402 3391 454 3445 aut
483 3384 636 3446 adiectiva
666 3393 719 3446 aut
749 3388 856 3448 verba.
911 3388 1136 3471 Aggredientes
1165 3387 1259 3468 igitur
1294 3391 1333 3452 ad

177 3490 278 3569 ipsam
301 3507 367 3548 rem
391 3493 561 3548 tractemus

596 3671 627 3719 a.
662 3647 915 3744 Substantiva,

178 3818 259 3881 quae
283 3800 409 3881 proprie
432 3801 472 3861 ad
496 3800 655 3862 amimalia
678 3802 867 3882 appellanda
891 3803 1087 3876 adhibentur,
1111 3803 1266 3865 translata
1292 3804 1333 3867 de

175 3891 356 3964 hominibus
391 3902 541 3964 dicuutur.
596 3903 791 3987 Coniungere
825 3913 928 3967 autem
960 3905 1052 3967 liceat
1084 3924 1122 3968 ea
1156 3907 1334 3970 bestiarum

177 4006 324 4079 nomina,
354 4023 435 4084 quae
464 4004 601 4066 indicata
631 4006 754 4068 ratione
776 4009 879 4089 posita
900 4007 1067 4069 ludibrium
1091 4010 1252 4089 quoddam
1281 4011 1333 4072 vel

177 4106 379 4184 ignominiam
402 4109 452 4168 rel
474 4110 737 4190 contemptionem
762 4109 971 4195 exhibeant1).
1015 4110 1084 4173 Huc
1107 4118 1265 4193 spectant:

253 4338 273 4410 ¹)
301 4336 332 4390 ln
358 4337 408 4392 hac
434 4340 622 4412 disputationis
648 4351 723 4412 parte
752 4342 872 4413 singulos
900 4344 974 4397 locos
1003 4345 1076 4396 omui
1104 4343 1333 4414 interpretatione

179 4431 277 4483 omissa
304 4429 398 4496 allero,
424 4431 550 4503 quoniam
574 4435 673 4497 omnia,
698 4450 766 4505 quae
786 4435 819 4486 ad
839 4435 1000 4489 seutentiam
1020 4436 1163 4488 verborum
1183 4436 1333 4509 pertinent,

179 4523 208 4573 in
227 4522 309 4576 altera
329 4531 405 4592 parte
424 4524 574 4578 accuratius
593 4527 781 4595 pertractanda
800 4536 873 4579 sunt.
