2760 5280
562 427 713 522 ,a

58 624 144 685 nino'
173 622 325 702 reposuit,
352 624 437 702 quod
467 644 542 685 num
571 632 656 687 recte
683 624 801 698 fecerit,
831 625 925 687 valde
955 626 1072 689 dubito.
1123 627 1223 710 Negat

61 727 144 787 enim
167 733 321 798 ,nostrum
338 725 462 799 dixisse,
487 727 595 789 colore
610 727 795 799 mustelino’,
819 735 914 808 negat
933 727 1038 802 ,ullum
1059 729 1152 790 alium
1178 730 1223 791 sic

62 829 178 889 dixisse
200 835 254 888 aut
275 827 379 888 dicere
404 829 565 909 potuisse’,
595 831 667 910 quia
691 830 844 904 ,mustela
873 830 1002 892 testibus
1026 830 1168 893 Gesnero
1192 838 1223 893 et

61 929 216 1013 Agricola,
239 929 426 1011 plerumque
448 933 488 994 sit
508 933 540 993 in
564 934 662 994 dorso
686 940 716 993 et
738 932 888 994 lateribus
911 931 1013 1005 rutila,
1043 951 1117 993 raro
1141 934 1222 994 sub-

60 1033 155 1105 fulva,
177 1032 209 1092 in
232 1038 357 1113 gutture
380 1053 505 1115 semper
528 1034 673 1109 candida,
697 1034 770 1114 quin
793 1052 1029 1113 nonnumquam
1054 1042 1119 1098 tota
1143 1055 1230 1097 can-1

63 1135 137 1195 dida
153 1133 343 1214 reperiatur,
366 1156 557 1218 quamquam
580 1136 692 1198 rarius.
730 1135 823 1209 ,Quid
838 1134 961 1217 igitur‘l’
985 1137 1085 1219 pergit
1101 1138 1224 1200 doctis-

62 1237 159 1299 simus
181 1235 235 1296 ille
257 1236 313 1309 vir,
337 1237 373 1309 ,si
396 1239 484 1300 color
506 1239 672 1320 quisquam
701 1237 884 1299 mustelinus
908 1238 1005 1298 dictus
1030 1248 1086 1310 est,
1114 1259 1132 1300 a
1160 1259 1223 1319 qua

62 1337 207 1418 corporis
230 1345 321 1417 parte
345 1339 444 1401 dictus
468 1346 526 1413 est,
550 1343 681 1403 adorso
702 1359 742 1401 an
758 1340 903 1420 gutture?
940 1338 972 1398 Si
994 1341 1119 1413 abhoc,
1143 1361 1223 1402 can-

63 1440 155 1501 didus
179 1447 235 1513 est,
259 1440 347 1502 siah
370 1442 425 1502 illo
449 1443 577 1505 rutilus’.
625 1441 687 1503 Sed
709 1461 773 1502 non
795 1441 826 1500 in
851 1441 956 1503 animo
980 1450 1036 1514 est,
1059 1462 1152 1522 ‚quae
1175 1443 1224 1503 vir

63 1541 203 1604 eruditus
226 1542 331 1604 multis
354 1543 458 1605 verbis
479 1544 511 1605 in
534 1544 616 1605 hunc
639 1544 743 1605 locum
767 1545 935 1616 contexuit,
959 1547 1121 1619 excutere’,
1149 1564 1223 1605 nam

62 1644 131 1705 luce
154 1643 269 1705 clarius
293 1651 349 1717 est,
378 1645 497 1725 optime
520 1647 580 1708 dioi
604 1645 728 1718 animal,
757 1647 843 1725 quod
868 1645 1005 1706 maxima
1034 1653 1124 1726 parte
1147 1666 1223 1708 cor-

62 1745 151 1827 poris
175 1745 281 1806 colore
303 1754 352 1808 est
371 1748 465 1809 rutilo
488 1747 538 1809 vel
558 1748 652 1822 tlavo,
674 1748 776 1828 ipsum
792 1747 909 1808 flavum
924 1748 974 1808 vel
989 1749 1113 1809 rutilum
1136 1768 1223 1825 esse3

61 1865 166 1927 neque
196 1847 362 1927 quisquam
385 1851 591 1923 contenderit,
614 1849 729 1910 animal
753 1868 822 1912 esse
845 1850 952 1910 colore
975 1851 1120 1923 candido,
1150 1852 1222 1931 quia

63 1950 165 2012 solum
196 1954 300 2031 guttur
328 1951 497 2013 candidum
525 1951 573 2013 sit.
617 1950 693 2025 Quis
717 1936 773 2025 est,
804 1951 856 2033 qui
879 1951 971 2025 dicat,
999 1951 1125 2032 lepores
1154 1971 1224 2014 esse

64 2051 137 2115 albo
162 2051 278 2124 colore,
310 2053 458 2132 quoniam
480 2060 588 2134 pectus
611 2061 642 2114 et
662 2053 792 2114 inferior
821 2053 962 2134 corporis
992 2073 1065 2134 pars
1089 2055 1161 2117 alba
1185 2055 1224 2116 sit

64 2163 119 2216 aut
144 2153 196 2216 hic
227 2162 257 2215 et
285 2154 347 2216 illio
372 2155 438 2229 fiat,
467 2162 500 2217 ut
528 2156 618 2236 lepus
650 2162 716 2217 toto
746 2175 880 2236 corpore
908 2155 997 2217 albus
1022 2156 1223 2218 inveniatur?

62 2255 123 2316 Sed
148 2263 253 2318 cetera
274 2254 455 2317 huiusmodi
471 2258 615 2336 exempla
630 2276 825 2328 enumerare,
849 2263 966 2325 metuo,
989 2276 1028 2316 ne
1043 2276 1107 2318 non
1123 2257 1225 2319 minus

63 2356 256 2436 superfluum
280 2356 328 2431 sit,
351 2376 446 2436 quam
468 2358 588 2419 Bentlei
609 2358 661 2419 illa
686 2359 874 2421 coniectura.
918 2358 998 2419 Nam
1022 2358 1088 2419 sive
1112 2377 1224 2422 errans

62 2458 129 2521 sive
150 2457 290 2539 prudens
313 2463 408 2538 atque
431 2458 533 2521 sciens
555 2461 717 2521 Terentius
740 2461 870 2523 recessit
894 2479 912 2521 a
932 2460 1118 2534 Menandro,
1146 2459 1222 2522 illud

61 2560 139 2623 satis
163 2567 257 2640 patet,
281 2560 422 2622 colorem
437 2561 637 2624 mustelinum
661 2582 731 2626 esse
747 2563 863 2624 flavum
886 2561 936 2624 vel
958 2562 1102 2637 rutilum;
1125 2580 1226 2640 prae-

61 2669 149 2725 terea
166 2670 269 2724 autem
286 2661 463 2723 criticorum
481 2683 551 2726 esse
567 2685 629 2726 non
645 2671 772 2744 poetam
795 2664 953 2744 corrigere
972 2664 1027 2725 sed
1044 2669 1224 2723 contextum

61 2765 124 2826 hac
148 2773 250 2826 aetate
273 2782 384 2825 omnes
408 2766 616 2828 consentiunt.

148 2867 231 2943 icliS,
260 2865 377 2927 animal
405 2867 495 2947 parvi
523 2867 614 2948 pretii
643 2867 730 2947 Capt.
753 2866 775 2939 l,
798 2870 827 2932 2.
851 2867 905 2932 81:
938 2866 956 2939 ,i
987 2866 1083 2928 modo
1106 2884 1223 2929 venare

60 2967 220 3046 leporem:
245 2985 326 3027 nuno
341 2967 424 3027 ietim
442 2970 551 3042 tenes',
574 2968 775 3048 proverbium
797 2970 836 3029 de
857 2969 913 3041 eis,
936 2969 987 3047 qui
1009 2967 1222 3030 conditionem

60 3052 174 3150 parum
190 3070 390 3130 commodam
407 3069 490 3131 neoti
506 3069 667 3130 meliorem
684 3088 837 3150 quaerere
850 3071 996 3131 iubentur
1007 3117 1014 3144 ,
1025 3069 1068 3131 'h.
1086 3069 1105 3131 l.
1122 3069 1223 3148 signi-

61 3168 152 3232 ficat:
188 3189 305 3252 quaere
335 3171 510 3245 convivium
542 3171 718 3245 delicatius,
746 3172 826 3233 haec
854 3191 967 3246 coena,
998 3173 1037 3234 ad
1068 3190 1161 3253 qnam
1190 3179 1222 3234 te

60 3273 183 3347 vocavi,
205 3273 357 3336 vilissima
380 3280 436 3336 est.

147 3377 250 3453 caniS,
273 3376 390 3437 animal
413 3376 629 3450 domesticum,
653 3377 737 3456 quod
756 3374 875 3436 homini
897 3374 994 3437 servit
1016 3382 1069 3436 aut
1091 3376 1221 3435 domum

61 3482 118 3538 aut
133 3494 258 3558 gregem
275 3477 454 3540 custodiens
472 3478 571 3538 autin
587 3479 733 3539 venando
754 3478 839 3539 feras
856 3476 1012 3558 vestigans
1030 3485 1060 3536 et
1079 3482 1222 3556 captane,

45 3598 82 3643 a
104 3578 215 3639 Plauto
239 3577 363 3657 saepius
386 3578 418 3638 in
442 3579 730 3659 comparationibus
754 3578 931 3640 adhibetur.
968 3578 1051 3640 Triu.
1075 3578 1142 3650 1,2.
1161 3579 1221 3643 133

10 3676 13 3693 ²
61 3716 104 3727 -—-
119 3681 195 3747 135:
212 3679 309 3760 Meg:
327 3681 441 3762 ‚Lupus
458 3680 650 3762 opservavit,
667 3681 741 3740 dum
757 3680 946 3741 dormitaret
961 3699 1070 3756 canes;
1087 3680 1221 3758 Gregem

60 3781 246 3846 universum
282 3781 381 3843 voluit
414 3792 514 3845 totum
546 3790 703 3846 avortere.
759 3781 835 3844 Coll.
866 3781 1001 3844 Fecisset
1036 3780 1160 3859 edepol,
1189 3777 1221 3838 ni

60 3885 144 3948 haee
164 3885 396 3965 praesensisset
418 3891 536 3948 canes’:
567 3884 658 3948 Canis
682 3892 730 3946 est
752 3886 870 3948 amicus
892 3883 1002 3965 patris,
1033 3882 1084 3962 qui
1112 3881 1220 3959 lupum

58 3987 81 4049 i.
106 4006 133 4048 e.
154 3986 252 4049 filium
279 3987 446 4070 prodigum
470 4007 488 4049 a
510 4005 545 4047 re
567 3986 713 4047 familiari
736 3986 839 4070 (grege
860 3981 1019 4066 universo)
1049 3982 1220 4062 prohibuit.

58 4091 115 4152 As.
138 4085 189 4161 111,
210 4092 240 4155 3.
266 4091 339 4155 148:
361 4089 424 4170 ,qui
446 4088 546 4159 hosce
567 4107 693 4150 amores
715 4097 842 4150 nostros
865 4087 1020 4169 dispulsos
1043 4084 1223 4165 compulit’;

61 4198 265 4272 comparatur
287 4192 380 4276 igitur
403 4212 513 4255 servus
536 4209 605 4250 oum
630 4209 716 4264 cane,
746 4191 798 4272 qui
821 4209 947 4252 amores
972 4187 1062 4268 quasi
1084 4186 1221 4266 pecudes

62 4294 221 4375 dispulsas
243 4310 283 4354 ex
304 4312 413 4356 errore
434 4294 569 4355 reduxit.
621 4291 732 4356 Bacch.
755 4293 793 4365 V,
815 4296 844 4359 2.
868 4297 925 4358 27:
952 4291 992 4351 Et
1013 4297 1143 4370 praeter
1167 4305 1224 4348 eos

10 4384 15 4443 ῗ·
62 4414 163 4477 agnos
194 4412 283 4456 meus
315 4403 363 4460 est
384 4396 454 4459 istic
477 4397 557 4459 olam
581 4395 716 4457 mordax
739 4394 834 4462 canis.
863 4395 883 4456 i.
908 4412 935 4455 e.
959 4391 1139 4474 Chrysalus,
1169 4388 1223 4471 qui

18 4504 22 4517 .
987 4493 1030 4558 2,
