2760 5280
615 406 653 470 41

559 491 708 501 ——--..-

142 609 252 673 milvus
275 624 375 686 aeque
397 613 492 686 atque
509 606 611 666 vultur
630 606 672 668 ad
688 604 850 667 hominem
865 624 1014 686 rapacem
1032 608 1219 668 transfertur

57 712 154 773 Poen.
166 713 203 784 V,
226 714 255 776 5.
274 710 326 775 13:
350 709 432 769 male
447 726 505 788 ego
520 715 639 782 metuo,
662 708 773 770 milvos
789 728 828 769 ne
844 709 967 771 auferat
981 708 1099 789 pullum
1115 714 1217 783 tuum;

57 814 127 875 Aul.
150 811 184 886 ΙΙ,
206 813 235 876 4.
259 812 399 876 37-40:
425 808 621 871 Pulmentum
644 810 767 890 pridem
789 810 818 871 ei
841 810 955 890 eripuit
976 811 1097 883 milvus,
1120 810 1218 872 homo

59 916 100 977 ad
116 918 296 996 praetorem
314 912 573 992 deplorabundus
589 912 689 973 venit:
711 911 780 974 infit
794 912 836 974 ihi
852 913 1015 993 postulare
1038 950 1088 986 -,
1111 921 1145 974 ut
1160 913 1220 976 sibi

58 1018 169 1079 liceret
199 1015 326 1076 milvum
356 1013 512 1087 vadarier,
538 1014 558 1075 i.
583 1033 609 1076 e.
637 1013 669 1075 in
697 1014 745 1075 ios
773 1033 903 1091 vocare;
931 1015 1011 1077 llud.
1033 1014 1085 1088 lV,
1108 1018 1137 1082 4.
1159 1017 1218 1082 80:

57 1119 120 1180 vidi
152 1126 263 1199 petere
296 1115 434 1187 milvum,
468 1115 562 1178 etiam
598 1137 693 1197 quum
722 1115 800 1177 nihil
829 1117 968 1178 auferret
997 1124 1117 1193 tamen;
1147 1119 1217 1181 Ter.

57 1221 185 1283 Phorm.
205 1219 241 1293 ΙΙ,
264 1222 293 1283 2.
319 1221 374 1284 16:
398 1218 472 1298 quia
494 1238 557 1280 non
579 1226 647 1280 rete
670 1217 807 1298 accipitri
830 1219 966 1280 tenuitur
988 1238 1091 1300 neque
1114 1220 1218 1295 milvo,

57 1323 116 1398 Qui
140 1321 222 1382 male
244 1319 360 1382 faciunt
382 1321 483 1392 nohis,
505 1320 576 1393 illis,
601 1321 652 1402 qui
674 1320 752 1381 nihil
774 1321 901 1392 faciunt,
924 1321 1070 1383 tenuitur.
1087 1359 1127 1368 -
1149 1324 1219 1389 Mss.

56 1428 147 1490 rinus
163 1424 232 1484 vide
248 1422 403 1503 aquilinus
419 1443 449 1502 p.
465 1424 521 1497 40;
543 1424 584 1484 ad
600 1441 748 1503 rapacem
766 1431 797 1484 et
811 1441 958 1485 voracem
975 1422 1058 1484 milvi
1074 1431 1219 1487 naturam

57 1533 178 1607 spectat
201 1526 296 1588 etiam
311 1524 393 1584 Men.
410 1523 431 1595 l,
448 1526 477 1588 3.
493 1528 550 1589 29:
575 1524 724 1596 ‚Madida‚
747 1543 829 1603 quae
846 1525 887 1584 mi
902 1525 1047 1605 adposita
1062 1526 1093 1586 in
1109 1545 1220 1588 mensa

57 1628 215 1690 milvinam
232 1627 426 1707 suggerant';
443 1625 603 1687 milvinam
620 1646 663 1688 sc.
679 1625 811 1701 famem3
828 1645 886 1688 nos
904 1626 1049 1690 dicimus:
1073 1631 1220 1710 „Wolfs-

55 1729 202 1811 donper’'.
246 1729 390 1790 Celerum
413 1727 599 1790 llitschelius
628 1728 782 1789 adductus
808 1728 945 1789 lectione
968 1728 1085 1792 codicis
1107 1731 1143 1802 A,
1168 1730 1219 1811 qui

56 1835 191 1914 praehet
214 1831 382 1891 mulviuam
407 1831 531 1911 scripsit
553 1828 722 1903 ,hulimam’
750 1849 808 1910 pro
831 1829 1019 1903 ,milvinam'‚
1046 1831 1219 1912 respiciens

58 1935 99 1996 ad
116 1933 210 2016 gloss.
228 1951 277 2013 ap.
293 1932 378 1993 Paul.
395 1932 476 1994 fest.
493 1951 523 2011 p.
540 1934 598 1997 32:
622 1931 784 2003 ,Bulimam
801 1931 912 1993 Graeci
934 1950 1080 2012 magnam
1102 1933 1219 1994 famem

57 2033 180 2098 dicunt’.
225 2032 319 2107 Quod
350 2035 390 2096 ad
420 2032 607 2096 seutentiam
637 2032 755 2108 attinet,
789 2036 903 2096 amhae
931 2033 1106 2114 scripturae
1134 2036 1219 2096 idem

57 2138 171 2210 valent,
200 2138 256 2200 sed
286 2145 358 2198 utra
387 2136 426 2198 sit
455 2134 654 2197 verisimilior
681 2145 713 2198 et
743 2137 840 2217 magis
869 2138 1021 2199 accedens
1054 2138 1093 2198 ad
1119 2138 1220 2201 Plauti

57 2241 212 2302 rationem
243 2239 375 2310 dicendi,
404 2237 458 2298 vix
480 2237 558 2300 satis
581 2239 674 2300 certis
698 2237 887 2321 argumentis
912 2239 1083 2318 disceptari
1105 2245 1219 2319 potest.

141 2342 301 2425 accipiter
328 2338 536 2422 ignominiose
566 2339 682 2400 dictum
709 2341 749 2400 de
778 2339 907 2400 homine
934 2339 1041 2420 rapaci
1072 2347 1103 2401 et
1125 2341 1218 2404 avido

56 2443 142 2504 Pers.
165 2441 216 2511 111.
240 2443 268 2506 3.
292 2446 326 2507 5:
356 2441 508 2522 pecuniae
539 2441 687 2520 accipiter
716 2442 807 2502 avide
835 2447 929 2521 atque
950 2440 1065 2514 invide,
1086 2442 1218 2518 Procax,

56 2563 168 2626 rapax,
192 2543 314 2606 trahax.
358 2542 420 2605 Cir.
437 2545 507 2606 Ter.
523 2543 652 2605 Phorm.
667 2542 704 2617 ll,
724 2548 754 2609 2.
773 2545 828 2608 16:
852 2541 934 2616 Quia
956 2562 1019 2605 non
1042 2553 1110 2606 rete
1133 2545 1219 2607 acoi-

57 2647 129 2730 pitri
152 2646 288 2707 tennitur
311 2664 337 2707 c.
361 2665 391 2724 q.
415 2667 439 2706 s.
462 2645 549 2705 vide:
573 2645 693 2707 milvus.
738 2644 898 2726 Aristoph.
920 2645 998 2725 Equ.
1025 2649 1104 2712 1052
1128 2666 1220 2707 oom-

56 2755 150 2831 parat
172 2747 319 2808 Cleonem
342 2765 413 2806 cum
437 2746 583 2826 accipitre
606 2745 725 2829 (ἱέραξ),
750 2747 802 2826 qui
825 2746 907 2826 rapit
930 2746 1089 2808 cornicum
1106 2748 1218 2830 (Lace-

57 2847 308 2930 daemoniorum)
327 2846 440 2926 pullos.
458 2885 497 2894 —
512 2847 625 2910 Bacch.
642 2847 678 2920 ll,
694 2850 723 2914 3.
741 2850 798 2913 41:
820 2849 1025 2932 ,accipitrina
1039 2848 1118 2910 haec
1136 2870 1218 2912 nunc

55 2950 141 3027 erit’;
164 2949 324 3011 confertur
344 2948 462 3030 hospes
486 2968 601 3012 avarus
624 2969 693 3011 cnm
716 2948 873 3030 accipitre.

140 3054 264 3136 striges
296 3070 371 3113 aves
399 3060 570 3113 noeturnae
594 3058 625 3111 et
646 3050 819 3124 maleficae,
844 3070 922 3132 quas
943 3052 1079 3113 infantes
1101 3073 1217 3133 rapere

56 3172 231 3235 eorumque
253 3152 424 3216 visceribus
448 3152 531 3215 vesci
553 3161 711 3214 narratur.
756 3153 814 3214 Ov.
830 3154 913 3216 Fast.
929 3153 980 3227 Vl,
998 3157 1163 3222 131-140
1186 3164 1217 3218 et

53 3257 180 3319 Petron.
213 3259 265 3330 63,
300 3258 371 3321 134.
425 3254 533 3336 ltaque
567 3253 767 3318 condimenta
800 3255 897 3330 mala,
931 3275 1012 3337 quae
1044 3257 1215 3321 visceribus

55 3358 185 3420 dolores
209 3359 355 3431 excitant,
378 3356 490 3438 striges
512 3363 664 3420 vocantur
685 3359 796 3420 Pseud.
811 3357 862 3431 lll,
885 3361 914 3423 2.
937 3362 992 3425 31:
1017 3381 1112 3440 quum
1136 3380 1216 3422 con-

55 3460 154 3530 diunt,
176 3479 240 3519 uon
263 3459 471 3520 condimentis
495 3459 644 3520 condiunt
667 3461 722 3521 sed
747 3459 902 3541 strigibus.

141 3562 261 3625 noctua
289 3559 398 3620 iocose
427 3559 458 3619 in
482 3560 619 3619 medium
649 3561 811 3639 profertur
839 3561 919 3622 Men.
942 3560 993 3634 IV,
1025 3565 1054 3627 2.
1077 3565 1133 3627 90:
1161 3565 1214 3624 uhi

54 3668 203 3725 matrona
226 3668 257 3722 et
277 3661 442 3723 Peniculus
464 3662 621 3740 parasitus
638 3661 877 3724 Menaechmum
892 3662 915 3725 1.
939 3664 978 3724 de
1001 3663 1213 3745 compluribus

55 3764 176 3827 delictis
192 3762 370 3846 obiurgant.
413 3762 644 3836 Menaechmus,
667 3765 717 3845 qui
735 3763 846 3825 nullius
862 3767 981 3844 peccati
996 3765 1054 3827 sibi
1070 3767 1214 3830 conscius

56 3875 122 3941 est,
152 3865 282 3929 miratus
311 3866 421 3946 cuique
451 3865 571 3928 crimini
599 3869 772 3947 respondet
798 3867 1058 3949 interrogatione:
1095 3872 1214 3950 ,egone'

54 3970 107 4032 vel
137 3989 248 4051 ,egone
272 3967 376 4030 dedi’r
404 3975 473 4040 etc..
502 3978 568 4032 tum
590 3969 769 4033 Peniculus:
794 3969 852 4041 ‚tul
881 3969 951 4032 istic
972 3969 1126 4049 inquam';
1156 3973 1213 4032 sed

55 4091 126 4135 oum
142 4072 193 4134 ille
210 4081 321 4154 pergat
335 4073 550 4154 interrogansz
574 4074 713 4153 ,egone’?
728 4072 885 4152 parasitus
901 4070 1068 4152 impatiens
1084 4091 1211 4134 morae:

55 4181 100 4247 ,tu
118 4180 151 4233 tu
173 4173 243 4236 istic
264 4175 406 4254 inquam3
429 4173 488 4236 vin’
512 4173 603 4235 alferi
625 4180 782 4248 noctuam,
806 4173 896 4245 Quae
919 4180 985 4235 tutu
1007 4192 1106 4254 usque
1129 4174 1214 4235 dicat

54 4275 133 4338 tibil
160 4294 235 4336 nam
257 4295 315 4337 nos
338 4274 403 4337 iam
426 4274 542 4336 defessi
564 4280 689 4339 sumus’.
733 4276 768 4337 ln
789 4276 967 4358 fragmento
990 4276 1096 4357 aliquo
1121 4295 1137 4336 e
1160 4275 1211 4337 st-

56 4376 153 4439 donio
184 4378 388 4460 grammatico
420 4379 458 4440 de
489 4376 617 4440 vocibus
647 4378 827 4440 animalium
857 4377 890 4438 in
918 4378 1014 4460 gloss.
1043 4377 1212 4459 superstite
