2760 5280
572 406 723 501 „m-

69 605 144 664 bent
167 621 205 664 ea
228 605 336 675 verba,
359 619 440 682 quae
463 601 607 681 leguntur
629 605 715 667 Pers.
739 604 776 676 ll,
794 608 824 670 3.
843 606 881 671 18
897 625 962 687 sq.:
985 606 1063 669 Nam
1087 646 1127 656 -
1150 609 1235 690 lepi-

69 705 175 766 dumst
196 706 348 785 triparcos
375 740 409 749 -—
435 705 515 764 bene
539 707 737 768 admordere.

153 806 285 872 mordax
307 808 397 868 True.
420 804 456 878 ll,
480 807 562 874 41.
585 809 689 882 ‚ianua
712 815 760 870 est
783 810 918 869 mordax
940 813 1034 883 mea’;
1057 811 1105 874 his
1128 815 1232 875 verbis

67 915 163 990 poeta
191 910 333 971 alludere
364 908 485 971 videtur
512 911 553 970 ad
581 909 816 991 inscriptionem
838 909 924 971 illam
952 913 1116 987 ostiorum,
1151 935 1232 994 quae

67 1011 217 1073 Romanis
234 1011 350 1073 usitata
366 1018 448 1071 erat:
472 1031 559 1083 ‚cave
575 1012 708 1074 canem’l
734 1053 765 1062 -
793 1014 820 1074 Α
841 1013 916 1075 feris
933 1015 1082 1095 caiusque
1097 1017 1231 1096 generis,

68 1131 150 1193 quac
180 1117 220 1175 ah
249 1112 430 1174 hominibus
459 1112 539 1176 dolis
570 1115 669 1195 magis
699 1135 793 1195 quam
823 1114 918 1175 armis
947 1116 1017 1197 oapi
1044 1117 1147 1180 solent
1169 1119 1231 1180 hae

66 1213 278 1294 metaphorae
293 1220 437 1296 sumptae
453 1223 540 1277 sunt:
563 1217 649 1280 Pers.
665 1216 716 1290 lv,
733 1219 763 1290 4,
779 1219 836 1283 45:
862 1237 930 1298 ‚ego
952 1216 1006 1278 ille
1025 1219 1134 1281 doctus
1156 1218 1230 1282 leno

65 1316 97 1376 in
113 1317 238 1378 foveam
261 1317 373 1391 incidi',
396 1319 480 1398 quod
498 1320 670 1398 respondet
691 1327 816 1381 nostro:
840 1322 895 1397 „ia
917 1321 968 1382 die
990 1321 1075 1383 rate
1095 1321 1231 1400 petea’';

64 1416 129 1479 Mil.
151 1417 203 1492 Ν,
225 1422 255 1485 9.
280 1421 337 1485 ll:
371 1420 467 1498 ‚ipsus
490 1419 552 1480 illic
574 1440 646 1483 sese
667 1420 729 1482 iarn
753 1420 918 1500 impedivit
939 1422 971 1482 in
993 1421 1121 1501 plagas',
1154 1442 1229 1485 nos:

63 1521 154 1598 „sict
175 1522 216 1583 im
239 1524 347 1601 eipnen
362 1522 460 1584 Netac
479 1521 615 1602 saeped’
631 1525 800 1600 (Wunder,
823 1524 961 1586 deciscis.
980 1524 1229 1602 Sprieluorirter-

17 1622 19 1629 ’
64 1622 204 1684 Leniter
225 1623 268 1701 ΙΙ,
288 1643 319 1706 p.
344 1625 454 1700 1006).
498 1623 582 1686 Trin.
605 1624 641 1697 ΙΙ,
668 1627 694 1690 l.
721 1626 773 1690 12:
801 1643 971 1705 numquam
995 1643 1086 1686 amor
1114 1645 1228 1706 quem·
1266 1698 1271 1711 Ι

65 1742 159 1804 quam
187 1722 247 1785 nisi
276 1724 421 1805 cupidum
449 1726 590 1806 postulat
618 1745 653 1788 se
681 1726 840 1787 hominem
870 1726 902 1787 in
924 1726 1035 1806 plagas
1058 1725 1227 1802 Conicere3

64 1824 160 1887 Poen.
183 1826 204 1900 l,
230 1828 257 1891 1.
281 1829 335 1892 59:
358 1826 405 1888 lta
429 1828 618 1908 decipiemus
641 1828 734 1889 fovea
756 1829 902 1889 lenonem
924 1828 1051 1909 Lycum.

223 2058 266 2124 Β.
321 2057 556 2138 Singulares
581 2057 828 2126 animalium
853 2057 1063 2139 imagines.

495 2250 528 2297 a.
562 2223 792 2296 Mammalia.

504 2377 789 2448 Quadrumana.

145 2493 249 2558 simia.
292 2492 382 2567 Quae
412 2494 513 2556 bestia
543 2515 612 2556 cum
636 2495 775 2557 omnium
802 2495 869 2555 fere
891 2494 1069 2556 animalium
1093 2504 1225 2577 propter

59 2594 222 2656 ridiculam
257 2601 288 2656 et
321 2596 496 2657 deformem
531 2597 667 2678 speciem
702 2596 970 2679 contemptissima
1004 2603 1104 2668 essct,
1139 2599 1222 2677 apud

59 2696 198 2767 Graecos
211 2706 241 2759 et
251 2699 412 2758 Romanos
424 2717 525 2778 aeque
541 2707 635 2780 atque
651 2700 735 2779 apud
748 2719 806 2760 nos
819 2697 991 2759 ceodrium
1002 2697 1222 2777 gravissimum

59 2798 210 2859 exhihuit.
243 2799 305 2862 Cfr.
320 2800 444 2860 Lorenz
468 2801 507 2861 ad
530 2802 593 2864 Mil.
610 2802 689 2882 glor.
704 2798 740 2875 ΙΙ,
756 2803 785 2863 2.
802 2803 853 2866 24.
890 2799 999 2879 ltaque
1021 2798 1223 2879 contemptim

59 2899 229 2961 adhibetur
251 2918 269 2962 a
292 2901 402 2963 Plauto
425 2902 488 2963 hoc
509 2922 625 2964 nomen
648 2903 740 2964 Most.
761 2901 812 2975 lv,
836 2905 865 2967 2.
888 2904 923 2967 4:
954 2901 1025 2961 vide
1046 2907 1080 2962 ut
1101 2900 1224 2962 fastidit

57 3003 196 3087 simiel).
228 3002 382 3065 Graecum
406 3003 600 3081 πιθήκιον
622 3005 751 3064 affertur
773 3004 835 3066 Mil.
858 3004 908 3078 Ν,
933 3006 960 3069 l.
984 3001 1223 3079 tarnenna

132 3196 154 3269 ¹)
174 3195 302 3252 Occurrit
330 3199 407 3251 simia
438 3197 516 3251 etiam
545 3197 686 3251 nonnuliis
717 3198 792 3261 locis,
823 3198 879 3269 qui,
909 3203 970 3249 cum
998 3194 1107 3266 proprie
1131 3211 1222 3266 neque

57 3287 242 3358 metaphoram
267 3307 359 3362 neque
388 3290 616 3360 comparationem
646 3292 793 3361 praebeant
816 3307 871 3342 non
894 3289 976 3359 plane
1001 3287 1055 3340 huc
1080 3287 1222 3358 quadrant,

57 3395 126 3449 quos
151 3387 242 3433 tamen
267 3398 323 3434 non
349 3381 460 3434 omnino
483 3382 666 3452 neglegendos
690 3399 751 3434 esse
774 3382 875 3452 putavi.
917 3378 1031 3448 Legitur
1057 3380 1129 3431 enim
1150 3377 1220 3432 Rud.

60 3467 109 3531 ill,
130 3468 156 3521 4.
170 3470 205 3521 66
220 3487 274 3542 sq.:
295 3471 371 3535 ,hacc
391 3482 431 3525 est
450 3472 536 3535 simia,
557 3471 636 3536 Quae
656 3471 703 3524 has
723 3471 884 3524 hirundines
904 3488 937 3524 ex
956 3470 1020 3523 nido
1039 3470 1094 3523 volt
1114 3468 1221 3540 eripere

55 3559 189 3631 ingratiis,
214 3561 287 3632 quod
312 3577 363 3630 ego
389 3561 416 3614 in
437 3562 539 3614 somnis
559 3563 705 3615 somniavi'.
744 3560 875 3632 Spectant
899 3560 981 3632 igitur
999 3561 1068 3615 haec
1086 3564 1168 3615 verba
1188 3563 1221 3614 ad

56 3652 191 3706 somnium
212 3653 348 3723 quoddam
368 3670 383 3705 a
402 3650 544 3705 Daemone
564 3669 645 3722 supra
666 3649 726 3722 (ΙΙΙ,
748 3652 771 3705 1.
793 3651 873 3719 1-8)
894 3652 1064 3724 explicatum,
1085 3654 1133 3706 sed
1153 3651 1220 3704 mihi

55 3761 216 3815 persuasum
230 3752 279 3808 est,
298 3749 404 3814 poetam
418 3761 473 3796 non
488 3744 642 3798 inconsulto
662 3744 757 3797 simiae
769 3744 936 3797 mentionem
955 3743 1055 3798 secisse
1071 3745 1100 3796 in
1114 3743 1220 3796 somnio

56 3838 217 3901 enarrando,
246 3844 275 3889 ut
300 3845 394 3906 postea
417 3837 489 3888 risus
514 3837 640 3889 morendi
666 3853 747 3889 causa
778 3852 837 3890 cam
866 3835 974 3889 facilius
1003 3836 1037 3888 ad
1061 3833 1220 3897 Labraum,

55 3925 192 3981 hominem
223 3928 390 3998 despicatum
420 3927 525 3980 referre
554 3937 656 3998 posset.
714 3925 844 3981 Similiter
872 3925 959 3982 Mero.
988 3924 1025 3990 Il,
1053 3924 1076 3980 l.
1104 3923 1138 3976 55
1159 3941 1218 3996 sqq.

54 4015 191 4089 Demipho
217 4021 354 4073 somnium
381 4028 582 4082 commemorat,
611 4021 639 4071 in
660 4035 714 4091 quo
740 4019 791 4088 ipsi
810 4036 855 4072 res
876 4027 917 4072 est
937 4034 997 4069 eum
1018 4015 1105 4078 simia,
1129 4031 1218 4085 capra,

54 4108 149 4161 haedo’
169 4112 202 4162 ad
222 4110 274 4164 hoo
293 4127 439 4164 recurrens
459 4110 557 4163 ibidem
579 4109 612 4175 ll,
635 4109 658 4163 Ι.
679 4109 730 4161 44:
760 4109 852 4176 ,haee‘‚
872 4108 969 4181 inquit,
989 4107 1044 4160 ‘illa
1065 4115 1105 4160 est
1125 4123 1218 4176 capra;

55 4209 82 4254 et
101 4201 136 4252 ib.
151 4199 188 4262 ΙΙ,
200 4200 227 4254 2.
241 4201 271 4256 5:
291 4212 401 4266 ‚metum
422 4218 457 4254 ne
477 4201 550 4254 illius
569 4201 636 4255 haec
655 4219 729 4255 nanc
748 4201 842 4254 simiae
861 4202 960 4271 parteis
981 4198 1067 4254 ferat’.
1096 4197 1219 4269 Apparet

52 4293 137 4362 igitur
155 4290 279 4347 Plautum
304 4295 396 4349 bestiis
421 4295 500 4348 etiam
521 4294 548 4346 in
568 4294 673 4347 somnia
693 4294 810 4346 inductis
830 4294 913 4346 risum
934 4293 1103 4346 audientium
1117 4306 1218 4358 augere

53 4384 198 4438 studuisse.

985 4475 1004 4537 2
