2760 5280
605 544 753 639 A„

189 748 372 834 lingulaca3
396 746 458 808 hoo
480 765 577 827 genus
600 744 732 826 piscium
757 745 870 829 (Varro
893 743 926 806 L.
942 742 976 804 L.
992 745 1029 813 V,
1053 740 1150 826 77M)
1174 742 1275 823 poui-

105 859 156 912 tur
178 870 237 931 pro
260 851 391 911 muliere
407 848 531 929 loquaci
547 848 616 910 Cas.
633 847 668 921 ll,
683 849 713 913 8.
730 849 785 912 62;
811 847 869 908 vin’
891 844 1081 928 lingulacas‘t
1104 843 1170 906 St:
1194 844 1271 925 quid

106 972 184 1033 opus
209 961 266 1018 est,
288 953 415 1033 quando
439 970 518 1012 uxor
541 949 626 1012 domi
650 953 718 1012 esti
760 950 807 1010 Ea
829 947 985 1030 lingulaca
1007 954 1055 1008 est
1078 945 1184 1008 nobis.

189 1054 316 1135 mullus,
347 1053 440 1134 piscis
464 1052 712 1137 pretiosissimus
734 1051 886 1114 translate
909 1055 1104 1136 memoratur
1127 1048 1194 1110 Mil.
1220 1048 1270 1123 lv,

107 1161 135 1220 2.
154 1158 210 1221 15:
234 1175 317 1229 ,nam
340 1155 420 1217 haec
440 1156 560 1218 lacerta
583 1155 679 1216 mullo
704 1161 834 1236 apsente
857 1171 908 1213 me
923 1151 1028 1234 adigit,
1052 1170 1086 1213 se
1103 1159 1137 1212 ut
1154 1138 1300 1213 amem'.'

31 1249 34 1255 ’
106 1258 160 1343 (sio
180 1258 367 1320 Bitschelius
394 1258 538 1341 scripsit).
582 1263 727 1319 Attamen
750 1256 802 1318 hic
824 1275 933 1318 versus
957 1261 1105 1334 corrupte
1129 1253 1268 1317 traditus

106 1372 169 1436 est;
199 1360 311 1443 legitur
340 1361 422 1422 enim
450 1362 596 1442 aBugge
619 1359 740 1444 (Philol.
762 1358 867 1431 XXX,
895 1377 923 1438 p.
947 1356 1019 1440 650]
1047 1375 1106 1439 pro
1136 1355 1268 1428 ,lacerta

106 1463 227 1525 mullo’:
251 1463 401 1538 ,celocula
423 1462 495 1535 illa',
519 1463 687 1525 aLorenz:
710 1462 841 1534 ,locusta
857 1459 962 1521 mullo'
978 1459 1180 1539 aliorumque
1197 1458 1267 1519 edi-

104 1572 208 1627 torum
233 1567 431 1628 coniecturae
447 1566 528 1627 adeo
544 1564 625 1626 inter
641 1584 676 1625 se
692 1563 849 1638 differunt,
872 1568 906 1623 ut
921 1561 1013 1623 lectio
1030 1567 1119 1623 certa
1135 1560 1263 1622 minime

106 1669 155 1731 sit.
188 1669 344 1740 Fortasse,
367 1667 521 1748 siquidem
543 1686 670 1730 sensum
693 1664 893 1747 respicimus:
916 1683 1000 1737 ,uam
1022 1664 1104 1726 haec
1119 1663 1264 1727 ancillula

105 1771 159 1833 illa
183 1773 320 1851 apsente’
344 1790 370 1833 e.
394 1791 423 1849 q.
448 1791 472 1832 s.
494 1770 660 1852 legendum
683 1777 740 1831 est.

570 2019 601 2066 e.
642 1995 799 2066 insecta.

191 2165 346 2243 curculio,
361 2163 560 2239 vermiculus,
577 2165 628 2245 qui
642 2163 780 2226 triticum
797 2162 1014 2244 depopulatur.
1044 2159 1129 2234 Quid
1141 2160 1266 2233 mirum,

108 2268 192 2347 quod
215 2265 344 2328 Plautus
366 2284 481 2326 nomeu
503 2265 594 2326 huius
616 2265 725 2328 insecti
747 2266 778 2326 in
801 2265 983 2345 parasitum,
1013 2263 1100 2326 cuius
1125 2261 1265 2327 edacitas

107 2367 286 2430 hominibus
321 2367 541 2430 molestissima
565 2375 641 2441 erat,
670 2352 829 2431 transtulit
849 2368 880 2429 in
905 2366 1069 2428 comoedia
1090 2366 1155 2437 illa,
1186 2383 1266 2446 quae
1304 2370 1311 2449 ¹:

107 2472 249 2534 Curculio
271 2470 459 2534 inscribitur.
496 2471 618 2554 Koonig
641 2470 691 2555 (de
713 2470 891 2532 nominibus
914 2488 1023 2551 propr.
1046 2487 1097 2548 ap.
1113 2468 1216 2530 Plaut.
1238 2475 1267 2530 et

108 2574 188 2658 Ter.)
213 2575 242 2656 §-
267 2578 294 2648 7,
317 2576 411 2655 pit)
441 2574 484 2636 eis
513 2574 692 2649 assentitur,
720 2573 772 2653 qui
795 2571 957 2648 ,Curculio’
981 2570 1150 2655 [Gurgulio)
1175 2589 1267 2632 voce:
1308 2600 1311 2609 ·

107 2674 389 2754 „Gurgelmenscb”
411 2682 549 2749 vertunt‘,
574 2676 659 2755 quod
680 2695 755 2735 num
770 2683 856 2736 recte
872 2673 1059 2754 explicatum
1074 2672 1121 2745 sit,
1144 2673 1267 2736 dubito.
1305 2672 1311 2759 Ιἰ

108 2778 320 2858 Respiciamus
351 2776 432 2837 enim
461 2778 501 2838 ad
526 2774 614 2839 Cure.
637 2776 688 2851 lV,
712 2778 740 2841 4.
763 2779 805 2843 30
827 2797 891 2859 sq.:
924 2775 986 2849 ,ubi
1013 2794 1096 2837 nuno
1116 2773 1270 2836 Curculi-
1306 2794 1311 2859 ζ

109 2901 202 2943 onem
229 2881 409 2941 inveniam?
453 2879 520 2943 Ca:
547 2880 581 2941 ln
603 2880 714 2942 'tritico
736 2879 882 2941 facillime
904 2879 954 2939 vel
976 2878 1162 2960 quingentos
1189 2897 1268 2940 cur·
1307 2882 1311 2947 ἐ

109 2983 247 3044 culiones
270 3001 328 3062 pro
350 3002 412 3043 uno
433 2984 508 3044 faxo
531 2983 681 3063 reperies'
705 3018 742 3030 -
765 2981 856 3043 facile
879 3000 1104 3062 cognoscemus
1119 2979 1267 3041 Plautum

108 3084 139 3145 in
171 3083 297 3145 uomina
329 3084 461 3165 parasiti
499 3085 644 3165 eligendo
681 3085 835 3146 rationem
870 3081 1022 3145 habuisse
1058 3080 1266 3156 curculionis;

108 3205 208 3267 quare
232 3205 281 3248 me
302 3186 403 3248 iudice
423 3186 585 3260 ,Curculio’
601 3187 784 3249 vertendum
802 3194 850 3250 est
865 3205 922 3267 per
937 3189 1130 3249 Kornworm.
1166 3181 1270 3244 Ceto·
1306 3190 1310 3199 '

109 3310 178 3351 rum
194 3289 316 3370 Koenig
337 3289 368 3350 in
392 3290 496 3350 animo
518 3289 668 3352 habuisse
690 3289 812 3350 videtur
834 3289 918 3350 Trin.
933 3288 984 3360 lv,
1007 3291 1037 3353 3.
1053 3289 1083 3360 9,
1106 3305 1171 3368 quo
1195 3286 1268 3348 loco
1308 3356 1311 3361 ¹

109 3399 182 3453 ante
197 3389 398 3452 llitschelium
420 3390 598 3473 legebatur:
621 3390 801 3463 ,curculiost
823 3391 987 3463 exercitur,
1010 3390 1036 3452 is
1058 3388 1142 3450 hune
1156 3388 1270 3450 homi-

109 3512 180 3554 uem
209 3511 371 3554 cursuram
403 3493 518 3568 docet’;
547 3493 578 3554 id
601 3495 686 3575 quod
711 3493 849 3555 editores
870 3493 1173 3573 interpretabantur:
1207 3490 1271 3567 ,hic
1307 3536 1311 3573 ,

109 3597 207 3659 homo
236 3594 326 3675 repit,
356 3615 417 3657 non
448 3596 569 3672 currit;¹
592 3604 698 3658 movet
719 3615 763 3668 se,
790 3598 844 3659 sed
869 3595 945 3656 nihil
966 3596 1150 3677 promoret’.
1195 3593 1270 3656 nit·
1307 3578 1311 3609 ¹

110 3698 244 3760 schelius
276 3706 380 3760 autem
409 3699 576 3761 lectionem
605 3699 719 3761 codicis
741 3700 764 3759 B
787 3706 910 3761 secutus
933 3697 1073 3778 scripsit:
1106 3695 1268 3778 ,Gurguli-
1305 3726 1311 3777 p

109 3805 167 3864 ost’
190 3810 259 3874 etc,
281 3801 301 3861 i.
318 3820 344 3863 c.
368 3803 508 3882 gurgulio
532 3821 603 3862 eum
625 3801 709 3863 hanc
731 3819 891 3864 cursuram
912 3800 1005 3861 docet
1020 3799 1084 3861 vel:
1109 3804 1144 3860 ut
1159 3799 1270 3862 ebrius
1308 3792 1311 3831 ³

110 3905 215 3967 currit.
260 3903 321 3965 Sed
352 3906 459 3976 verba,
488 3923 569 3984 quae
598 3911 671 3966 sunt
692 3902 829 3966 curculio
852 3912 883 3965 et
905 3902 1058 3984 gurgulio,
1088 3900 1216 3962 ratione
1239 3908 1271 3963 ct

110 4007 265 4069 scribendi
296 4013 328 4067 et
354 4005 577 4088 pronuntiandi
606 4006 760 4068 tantulum
789 4005 871 4068 inter
901 4025 936 4067 se
966 4005 1091 4068 diversa
1119 4010 1203 4078 suut,
1237 4010 1271 4065 ut

111 4111 277 4171 discrimen
301 4108 445 4172 constitui
466 4109 516 4168 vix
537 4109 646 4189 possit,
671 4109 745 4190 quin
761 4109 855 4172 etiam
871 4109 974 4170 forma
997 4106 1155 4183 ,curculio'
1177 4107 1271 4168 anti-

112 4213 203 4292 quior
235 4211 490 4274 luculentioribus
523 4212 653 4272 testibus
687 4211 755 4274 nisa
790 4210 846 4273 sit'.
899 4211 1029 4295 (Koenig
1050 4211 1080 4294 ξ.
1097 4214 1126 4284 7,
1154 4231 1184 4291 p.
1213 4212 1269 4286 19;

111 4312 262 4376 Corssen:
293 4316 333 4375 de
362 4313 608 4377 consonantibus
631 4314 662 4374 in
684 4312 836 4375 Curculio’
860 4322 891 4376 et
912 4312 1080 4394 ,Gurgulio’
1102 4311 1125 4386 l,
1148 4333 1179 4394 p.
1202 4312 1269 4397 77).

111 4415 217 4488 Quare
240 4416 431 4498 ,gurguliost
454 4435 517 4477 non
539 4415 716 4479 inconsulto
740 4417 882 4479 aPlauto
906 4418 1054 4497 scriptum
1078 4416 1149 4479 esse
1171 4413 1270 4477 vide-
1309 4428 1311 4441 '

110 4524 170 4593 tur,
193 4528 226 4580 ut
248 4519 278 4579 iu
302 4520 403 4581 verbis
427 4518 614 4600 ambiguitas
638 4520 792 4599 quaedam
809 4519 967 4580 existeret.
1004 4519 1082 4581 Nam
1099 4517 1151 4599 qui
1167 4520 1268 4581 verba
1309 4558 1311 4567 =

1307 4652 1311 4771 l

1305 4774 1311 4984 l
