2760 5280
106 690 296 773 ,pulicesque
329 707 369 751 an
402 686 525 749 cimices
558 705 598 749 an
629 687 757 767 pedes'l
785 722 827 733 -
856 685 925 750 Cas.
947 685 983 758 ll,
1012 689 1043 752 3.
1069 688 1110 752 22
1139 697 1267 750 amator

107 776 256 855 molestus
279 790 465 873 appellatur,
488 788 576 850 nihili
598 806 676 851 cana
700 787 806 849 culer’.

189 895 326 980 tippula,
349 913 387 955 ex
409 893 491 955 Festi
513 891 733 973 explicationet
765 889 930 964 ,bestiolae
952 910 1059 972 genus,
1088 911 1144 955 sex
1166 894 1267 975 pedes

105 996 251 1060 habentis
273 998 330 1057 sed
354 1002 460 1057 tantae
480 993 626 1066 levitatis,
648 1001 682 1054 ut
704 1012 800 1075 super
818 1011 932 1073 aquam
949 1013 1076 1055 currens
1094 1014 1159 1056 non
1176 995 1269 1058 desi-

109 1100 182 1172 dat',
205 1097 333 1180 gravior
356 1106 404 1159 est
425 1096 489 1157 fide
511 1095 647 1158 lenonia.
690 1096 775 1158 Pers.
798 1094 833 1168 ll,
856 1097 886 1157 2.
909 1097 947 1160 61
973 1115 1038 1177 sq.:
1060 1116 1171 1160 omnes
1195 1105 1271 1160 sunt

107 1201 198 1263 lenae
213 1201 365 1282 perfidae,
388 1200 497 1279 Neque
513 1197 642 1279 tippulai
657 1196 753 1258 levius
770 1198 907 1278 pondust
922 1217 1016 1279 quam
1032 1197 1112 1261 fides
1127 1198 1268 1261 lenonia.

191 1304 287 1388 pulex
308 1300 368 1363 vid.
391 1322 421 1382 p.
446 1304 500 1367 49:
523 1300 621 1362 culex.

191 1422 315 1483 musea,
344 1403 449 1486 imago
479 1401 676 1475 curiositatis,
707 1401 779 1482 quia
802 1421 911 1463 omnes
933 1401 1095 1464 hominum
1117 1421 1170 1465 rcs
1198 1403 1271 1464 ire-

108 1513 247 1588 quentat,
269 1505 364 1569 Mero.
387 1505 423 1577 ll,
447 1508 476 1570 3.
499 1507 556 1568 26:
586 1512 735 1577 ,muscast
758 1523 845 1565 meus
868 1512 965 1584 pater,
996 1504 1038 1565 ml
1059 1511 1165 1586 potest
1185 1505 1269 1567 clam

106 1608 192 1670 illum
212 1608 341 1671 haberi.
377 1608 556 1695 Muscarum
578 1605 845 1687 importunitatem
869 1607 1002 1669 similem
1026 1625 1095 1669 esse
1117 1608 1269 1669 lenonum

109 1710 208 1794 (Cure.
224 1709 275 1778 tv,
298 1714 327 1785 2,
351 1709 398 1795 14)
421 1708 483 1771 iam
506 1709 638 1770 vidimus
661 1728 690 1789 p.
715 1710 770 1775 49:
802 1708 908 1782 culex;
936 1710 992 1771 sed
1017 1709 1112 1771 etiam
1134 1710 1270 1790 parasiti

108 1813 169 1874 huc
184 1811 341 1893 pertinent
356 1812 451 1872 Poen.
468 1811 517 1884 lll,
534 1813 562 1875 3.
579 1814 640 1875 76:
664 1819 704 1883 ,te
727 1810 905 1890 quaeritare
929 1832 946 1873 a
963 1812 1086 1873 muscis'
1107 1811 1162 1896 (sc.
1183 1813 1270 1874 libe-

108 1934 177 1975 rum
206 1912 403 1996 hospitium];
438 1912 493 1974 cfr.
522 1911 698 1993 imaginem,
729 1932 791 1992 qua
817 1911 915 1973 utitur
943 1912 1135 1995 Antiphanes
1164 1913 1185 1978 f.
1207 1915 1268 1978 inc.

109 2019 138 2092 3,
163 2019 222 2082 134
251 2015 280 2100 [5
310 2022 341 2077 ct
367 2015 412 2099 6]:
447 2011 496 2077 ἀεὶ
526 2011 697 2097 θ’ὡσπεροὶ
723 2011 915 2092 Ὀλυμπίασί
947 2031 1027 2099 φασι
1057 2023 1130 2091 ταῖς
1164 2019 1269 2096 μυίαις

110 2124 213 2181 ποιεῖν
242 2121 316 2202 βοῦν
343 2124 413 2189 τοῖς
442 2113 589 2196 ἀκλήτοις
617 2114 887 2200 προκατακόπτειν
909 2121 1078 2192 πανταχοῦ.
1102 2155 1142 2166 -
1166 2120 1268 2182 Locus

109 2219 231 2291 dubius,
259 2221 314 2280 sed
343 2238 437 2299 quem
459 2218 508 2280 Fr.
532 2217 656 2279 Schcell
682 2217 839 2298 probabili
861 2219 985 2281 ratione
1006 2218 1151 2297 restituit,
1181 2229 1269 2285 extat

108 2322 200 2385 Truc.
222 2321 245 2395 1,
272 2324 299 2386 1.
321 2322 362 2386 43
385 2340 470 2401 sqq.:
504 2321 583 2380 Nam
604 2338 686 2381 nunc
707 2318 854 2380 lenonum
876 2328 908 2382 et
929 2329 1104 2383 scortorum
1126 2324 1197 2406 plus
1221 2332 1272 2387 est

108 2424 174 2486 iere
203 2424 312 2511 Quam·
335 2423 408 2485 olim
437 2440 613 2484 muscarum
643 2429 700 2494 est,
730 2441 825 2502 quom
849 2422 966 2484 caletur
988 2444 1144 2488 maxume.
1188 2427 1270 2491 Nam

109 2526 135 2587 si
168 2546 323 2608 nusquam
351 2524 424 2587 alibi
451 2532 531 2600 sunt,
565 2524 679 2585 circum
706 2525 900 2605 argentarias
928 2526 1040 2588 Scorta
1068 2533 1101 2588 et
1125 2528 1271 2606 lenones,

110 2616 162 2708 qui
184 2628 295 2689 sedent
317 2626 440 2699 cotidie,
462 2627 507 2688 Ea
530 2625 625 2688 nimia
649 2634 697 2688 cst
717 2626 799 2687 ratio
822 2647 849 2689 e.
873 2646 903 2708 q,
926 2647 951 2689 s.
995 2628 1055 2691 Cfr.
1079 2629 1113 2692 ll.
1135 2629 1171 2705 ll,
1194 2634 1270 2698 469.

193 2730 340 2806 locusta3
364 2746 433 2789 eum
456 2728 516 2789 hoc
539 2727 675 2801 animali,
697 2728 855 2808 palpebris
875 2737 1001 2796 carente
1017 2731 1272 2813 durissimosque

109 2830 218 2894 oculos
240 2830 378 2894 habente
401 2828 487 2914 [Plio.
510 2829 549 2892 Η.
571 2849 602 2891 n.
624 2828 679 2904 xl,
701 2831 752 2896 37.
775 2835 831 2906 55;
852 2830 907 2905 lX,
930 2837 987 2909 953
1010 2834 1136 2897 Petron.
1158 2837 1271 2921 354),

108 2932 331 2995 Menaechmus
360 2931 520 2994 confertur
541 2933 623 2994 Men.
645 2930 682 3005 V,
704 2935 733 2997 5.
757 2936 814 2998 25:
844 2942 886 3007 ,tu
909 2954 959 2995 me
981 2935 1135 2997 lucustam
1157 2956 1272 3000 censes

110 3035 212 3097 cssc’l
255 3034 432 3117 interrogat
463 3040 568 3095 autem
591 3033 816 3096 Menaechmus
848 3043 979 3117 propter
1008 3037 1120 3100 medici
1152 3042 1274 3103 verba:

109 3136 223 3210 ,solent
243 3135 299 3197 tibi
314 3154 450 3217 unquam
468 3134 547 3197 oculi
570 3135 640 3197 duri
661 3135 774 3210 fieri'l,
797 3136 827 3198 id
851 3139 934 3218 quod
955 3138 1105 3203 indicium
1126 3140 1275 3205 insaniae

109 3257 179 3303 esse
201 3240 381 3321 putabatur.

194 3340 289 3425 petiis
311 3340 372 3402 vid.
396 3340 484 3403 culex
508 3360 538 3420 p.
561 3342 611 3406 49.

194 3443 296 3508 cimex
317 3440 379 3504 vid.
403 3441 493 3503 culex
513 3462 544 3523 p.
566 3442 618 3508 49.

525 3630 547 3701 1.
589 3629 862 3705 Arachnoidea.

194 3784 290 3850 nepa,
319 3765 505 3846 plerumque
536 3765 673 3846 scorpio,
704 3765 807 3827 cancri
830 3773 933 3828 autem
957 3767 1274 3845 locostatcas.11,

108 3867 138 3932 8.
154 3870 188 3932 7ι
211 3866 357 3928 recessim
381 3868 490 3928 cedam
508 3867 547 3928 ad
563 3869 726 3948 parietem,
746 3867 896 3930 imitabor
910 3887 1034 3949 nepam.
1069 3870 1140 3956 (Cir.
1155 3871 1274 3938 Pseud.

109 3967 158 4042 lV,
185 3972 210 4035 4.
235 3972 292 4045 45;
315 3968 417 4053 iufra).

547 4154 583 4226 g.
623 4127 837 4203 Crustacea.
912 4184 915 4191 -

193 4280 324 4329 cancer.
356 4262 468 4326 Pseud.
490 4262 541 4336 lV,
567 4265 593 4328 1.
617 4265 673 4329 45:
704 4268 748 4338 ‚ut
773 4270 987 4339 transversus,
1009 4286 1072 4328 non
1095 4285 1272 4346 provorsus

109 4364 191 4426 cedit
213 4365 302 4445 quasi
325 4368 454 4427 caucer’.
499 4364 560 4427 Cfr.
583 4365 676 4427 Arist,
698 4366 763 4427 Pax
788 4369 883 4433 1083:
913 4362 1027 4431 elicroca
1049 4365 1190 4448 ποιήσεις
1212 4369 1273 4435 τὸν

106 4463 251 4548 κάρκινον
273 4463 358 4550 ὀρθὰ
381 4467 491 4550 βάζειν.
536 4467 723 4553 Καρκινίτης
745 4468 777 4528 in
800 4469 894 4533 Arist.
916 4471 1010 4550 Vesp.
1034 4474 1125 4538 1505.
