2760 5280
110 701 129 743 a
157 682 229 742 loro
258 679 392 760 fugiunt,
426 698 520 760 quam
558 700 597 740 ex
627 686 719 760 porta
748 679 829 742 ludis
859 699 953 761 quum
984 679 1128 743 emissust
1158 680 1270 762 lepue5
1311 660 1316 669 ⁸

109 785 194 848 Pers.
217 781 254 858 ll,
276 785 305 847 2.
331 784 383 849 19:
411 782 483 844 vola
510 781 673 844 curriculo.
715 782 848 865 Paegnz
877 783 960 845 lstuc
988 781 1127 844 marinus
1157 801 1274 862 passer

110 905 167 967 per
189 886 305 947 circum
328 885 422 960 solet;
452 885 521 947 Aul.
550 884 603 957 ΙΙΙ,
632 887 737 953 bib:
768 885 936 947 abstinebit
964 885 1110 946 censione
1138 884 1272 948 bubula.

61 1052 67 1059 ,
108 1024 142 1037 -
176 988 267 1048 Adde
293 989 387 1050 etiarn
414 985 483 1049 Aul.
505 985 554 1057 ΙΙΙ,
577 991 607 1052 5.
631 991 686 1053 20:
716 988 791 1070 ,Ego
820 987 934 1058 faxim,
964 986 1053 1060 muli,
1081 986 1186 1067 pretio
1216 987 1274 1069 qui
1310 976 1316 985 ¹

109 1098 259 1171 superant
286 1108 395 1170 equos,
423 1088 489 1152 Sint
512 1088 638 1151 viliores
661 1089 784 1152 Gallicis
808 1088 984 1151 cantheriis'
1007 1096 1038 1150 et
1060 1089 1138 1153 llud.
1162 1087 1216 1163 ΙΙΙ,
1240 1091 1272 1155 6.

109 1195 150 1259 49
172 1213 259 1273 sqq.:
281 1191 354 1265 ,illic
375 1192 406 1251 in
429 1191 616 1264 columbum,
644 1193 750 1263 credo,
778 1193 850 1253 leno
873 1191 1023 1253 vortitur:
1050 1190 1128 1252 Nam
1152 1190 1186 1252 in
1210 1210 1274 1255 co-

107 1294 242 1356 lumbari
258 1293 372 1356 collum
386 1293 449 1355 hau
467 1295 563 1355 multo
586 1301 659 1375 post
680 1293 757 1367 erit,
779 1314 860 1376 quae
884 1293 1088 1374 comparatio,
1112 1312 1183 1355 curo
1202 1293 1273 1365 sine

109 1397 203 1458 dubio
219 1416 258 1457 ex
272 1396 348 1457 ludo
364 1399 544 1468 verborum,
560 1415 641 1476 quae
656 1404 739 1458 sunt:
764 1397 936 1469 columbus,
952 1396 1123 1468 columber,
1139 1394 1271 1467 collum,

108 1499 258 1579 originem
283 1500 386 1571 ducat,
416 1497 584 1560 aGraecis
615 1499 692 1559 certi
714 1518 777 1559 nou
800 1504 941 1559 mutuata
964 1505 1021 1560 est.
1056 1533 1089 1545 -
1122 1497 1272 1578 Denique

107 1600 270 1682 imagines,
294 1620 372 1682 quas
387 1606 483 1681 polita
498 1600 674 1663 accuratius
696 1600 872 1673 illustravit,
894 1601 936 1662 ita
959 1604 1172 1680 pertractatae
1188 1606 1271 1673 suut,

107 1710 142 1765 ut
174 1704 320 1785 equidem
353 1722 537 1784 persuasum
569 1704 721 1775 habeam,
762 1722 815 1765 eas
846 1701 962 1785 ingenii
995 1700 1129 1763 Plautini
1164 1701 1272 1765 docu-

108 1815 213 1869 menta
235 1824 316 1868 esse.
930 1863 933 1867 .

193 1907 254 1968 Sed
269 1906 334 1969 iam
349 1907 443 1970 totius
466 1907 684 1989 disputationis
707 1925 860 1968 summam
877 1905 1048 1967 videamus.
1091 1905 1164 1966 Mea
1186 1906 1270 1966 euim

108 2011 263 2073 sententia
288 2011 356 2072 lere
376 2012 456 2072 haec
478 2029 537 2091 pro
560 2009 653 2072 certis
674 2008 855 2088 accipienda
878 2015 962 2069 sunt:
985 2007 1113 2069 Plautus
1136 2008 1271 2069 adamat

110 2114 148 2175 ad
173 2132 351 2175 sermonem
369 2113 545 2174 ornandum
569 2120 599 2173 et
615 2113 655 2174 ad
670 2111 861 2173 hilaritatem
877 2110 1069 2171 audientium
1085 2111 1267 2192 aagendam

109 2215 257 2277 animalia
284 2215 314 2274 in
344 2215 630 2294 comparationibus
661 2214 786 2274 allerre.
831 2211 970 2285 Quarum
994 2212 1271 2292 comparationum

109 2337 222 2398 magna
249 2335 322 2397 pars
352 2316 393 2377 ad
422 2317 582 2397 vulgarem
620 2315 743 2377 dicendi
772 2315 925 2375 rationem
960 2315 1127 2376 reserenda
1159 2322 1212 2377 est
1239 2320 1272 2375 el

110 2420 215 2501 populi
237 2419 339 2500 lepori
362 2420 503 2481 debetur.
547 2419 640 2480 Haud
663 2437 783 2500 paucae
809 2427 913 2479 autem
934 2416 1034 2478 Plauti
1055 2415 1185 2497 ingenio
1206 2416 1272 2478 tri-

109 2523 253 2583 buendae
276 2528 357 2594 sunt,
380 2541 570 2602 quamquam
592 2523 653 2583 hac
676 2527 779 2582 aetate
803 2519 895 2581 certis
918 2518 1108 2600 argumentis
1129 2519 1272 2581 demon-

110 2624 203 2686 strari
219 2642 282 2684 non
297 2630 411 2703 potest,
434 2630 511 2703 quot
530 2629 561 2682 et
576 2622 684 2703 quales
699 2623 849 2702 imagines
867 2624 906 2683 de
921 2621 1108 2683 animalibus
1125 2629 1272 2702 sumptas

110 2731 204 2807 poeta
220 2745 260 2786 er
275 2724 504 2807 exemplaribus
521 2724 648 2785 Graecis
670 2724 700 2785 in
724 2743 797 2786 suas
819 2722 941 2785 fabulas
963 2721 1167 2795 transtulerit,
1190 2730 1274 2803 quot

110 2836 142 2890 et
156 2828 265 2910 quales
284 2827 352 2907 ipse
367 2827 529 2890 invenerit.
562 2826 738 2889 Verisimile
760 2826 853 2909 igitur
876 2825 998 2887 videtur
1021 2844 1101 2897 esse,
1123 2824 1272 2886 Plautum

110 2931 364 3012 comparationes
379 2929 472 2992 huius
488 2929 623 3010 generis,
641 2949 719 3011 quas
734 2929 797 2990 iam
814 2931 853 2990 ab
866 2927 1075 3007 Aristophane
1091 2927 1273 3009 ceterisque

110 3032 302 3094 Graecorum
319 3032 499 3094 auctoribus
514 3031 640 3093 comicis
656 3032 739 3092 baud
757 3031 872 3110 frustra
889 3029 1044 3091 adhibitas
1061 3047 1132 3091 esse
1144 3049 1273 3113 eogno-

109 3142 208 3209 verat,
231 3154 345 3218 magno
369 3154 438 3195 curn
461 3133 565 3195 studio
586 3133 631 3196 ita
654 3132 849 3205 tractavisse,
873 3140 905 3193 ut
925 3151 1015 3193 suum
1035 3150 1162 3211 semper
1175 3132 1272 3193 arbi-

110 3237 204 3299 trium
227 3256 361 3318 sequens
389 3257 452 3299 nou
480 3237 582 3299 solum
606 3255 687 3317 quae
710 3238 749 3296 ab
773 3235 841 3296 aliis
863 3237 943 3295 bene
965 3234 1093 3295 inventa
1118 3252 1191 3295 esse
1214 3233 1284 3295 in-·

111 3339 236 3413 tellexit,
258 3359 327 3400 cum
343 3340 374 3400 in
390 3339 575 3399 memoriam
591 3338 732 3397 redirent
748 3337 822 3399 data
838 3336 1005 3400 occasione
1017 3337 1081 3399 suis
1093 3336 1271 3400 comoediis

109 3441 273 3511 insereret,
301 3440 355 3501 sed
387 3439 480 3500 etiam
510 3459 549 3501 ex
576 3439 639 3502 suis
669 3438 848 3501 animalium
872 3438 1146 3501 observationibus
1169 3439 1271 3501 multa

111 3542 304 3623 adiungeret.
348 3541 461 3604 Omnia
477 3548 581 3603 autem
596 3541 659 3614 illa,
683 3548 832 3622 quantum
850 3541 993 3621 equidem
1009 3541 1124 3613 iudico,
1138 3541 1271 3605 Plautus
1311 3612 1314 3621 1

113 3654 175 3708 tam
199 3653 272 3726 apte
294 3645 422 3726 protulit
444 3653 475 3707 et
493 3644 677 3726 composuit,
703 3651 737 3705 ut
758 3664 832 3716 ‚non
855 3643 1017 3706 aGraecis
1041 3642 1188 3705 didicisse
1212 3645 1269 3706 sed
1312 3700 1314 3705 .

113 3767 167 3809 eos
189 3748 276 3827 ipsos
297 3748 378 3809 haec
399 3748 514 3809 docere
536 3766 631 3828 posse
651 3745 827 3808 videretur'.
847 3783 887 3793 -
903 3743 995 3817 Quod
1012 3746 1177 3826 probabile
1196 3764 1272 3809 esse

113 3850 211 3931 magis
227 3852 336 3922 elucet,
358 3850 384 3911 si
400 3850 521 3911 dicendi
537 3849 690 3911 rationem
707 3849 844 3909 Terentii
859 3846 1053 3928 respicimus,
1069 3848 1121 3928 qui
1138 3848 1271 3911 eosdem

112 3960 224 4034 politas
246 3952 384 4015 Graecos
413 3971 450 4013 ac
472 3951 599 4013 Plautus
628 3970 692 4011 non
720 3951 822 4012 solum
844 3949 979 4011 imitatus
1008 3957 1064 4023 est,
1093 3949 1272 4012 sedetiam

112 4056 235 4119 fabulas
257 4074 330 4117 suas
354 4053 520 4135 aptissime*
538 4054 578 4114 ad
594 4053 774 4114 comoedias
790 4054 926 4115 Graecas
950 4052 1167 4114 conformavit.
1203 4053 1272 4113 Te-
1295 4086 1299 4094 =

112 4158 202 4218 rentii
220 4168 322 4219 autem
339 4156 543 4237 comparandi
567 4176 655 4218 usum
680 4161 712 4216 et
727 4175 857 4216 numero
879 4162 909 4217 et
923 4154 1025 4216 forma
1041 4163 1072 4216 et
1087 4153 1270 4216 animalium

114 4259 306 4322 adscitorum
329 4260 483 4321 varietate
512 4259 604 4339 longe
635 4259 792 4320 diversum
817 4278 887 4319 esse
911 4277 930 4319 a
953 4259 1062 4318 Plauto
1084 4257 1147 4317 iarn
1171 4276 1272 4336 supra

114 4362 257 4424 vidimus.
301 4358 393 4432 Quod
422 4380 491 4423 cum
519 4360 685 4423 considero
716 4368 747 4422 et
773 4365 937 4440 poetarum
961 4367 1142 4420 nostrorum
1166 4365 1271 4419 artem

114 4463 271 4526 scribendi
293 4463 407 4545 cogito,
429 4464 571 4527 Plautum
594 4462 784 4526 simillimum
813 4481 883 4525 esse
910 4460 1084 4541 putaverim
1108 4459 1271 4525 architecti
