2760 5280
15 1434 47 1667 s
449 1349 778 1601 a

10 1672 30 1753 ΤΣ
146 1677 337 1771 Hominum
361 1729 482 1783 sensus,
506 1730 621 1785 mores,
644 1710 830 1792 cupiditates
853 1711 958 1773 varias
977 1712 1134 1775 simillima
1150 1732 1222 1776 esse

10 1776 36 1867 I-
60 1819 241 1873 ceterorum
265 1812 446 1873 animalium
469 1813 532 1874 iam
556 1813 780 1895 antiquissimis
802 1815 997 1895 temporibus
1020 1817 1142 1896 quoties
1159 1818 1222 1909 ob-

58 1922 218 1976 servatum
243 1915 292 1987 sit,
317 1915 454 1978 carmina
478 1915 616 1976 omnium
639 1917 828 1997 populorum
853 1918 984 1990 docent;
1012 1918 1127 1999 quippe
1150 1937 1220 1980 cum

57 2017 145 2077 haud
162 2036 237 2078 raro
262 2037 280 2079 a
301 2016 403 2096 poe'tis
427 2024 457 2079 et
478 2018 641 2079 hominum
667 2018 822 2102 cogitandi
844 2020 926 2080 ratio
949 2020 999 2080 vel
1020 2018 1221 2102 intellegendi

56 2118 222 2180 facultates
246 2121 353 2182 bestiis
375 2120 552 2182 tribuantur
577 2129 607 2184 et
627 2122 798 2182 bestiarum
823 2122 1065 2184 consuetudines
1087 2142 1222 2202 compa-

58 2230 168 2282 rentur
191 2242 259 2283 cum
283 2223 472 2285 homiuibus.
516 2223 661 2285 Animum
684 2225 814 2284 adverto
839 2224 879 2285 ad
902 2229 1001 2284 totum
1024 2225 1099 2286 illud
1122 2244 1220 2306 genus

59 2324 137 2387 artis
171 2326 328 2406 poeticae,
366 2344 428 2403 quo
462 2324 581 2385 bestiae
612 2325 697 2384 haud
732 2325 824 2387 aliter
857 2333 950 2405 atque
982 2325 1040 2405 ipsi
1074 2325 1220 2388 homines

58 2434 199 2509 agentes,
222 2427 406 2508 cogitantes,
428 2406 591 2505 loquentes
613 2426 808 2500 inducuntur,
833 2427 903 2488 dico
927 2427 1097 2489 bestiarum
1116 2429 1221 2490 histo-

59 2528 139 2591 riam
162 2529 347 2604 fabularem‚
377 2549 457 2610 quae
481 2549 549 2590 cnm
572 2529 655 2612 apurl
680 2528 759 2590 alios
782 2531 916 2611 populos
942 2540 1007 2592 tum
1029 2532 1112 2611 apud
1135 2530 1220 2594 Ger-

10 2582 171 2782 ›manos
213 2633 287 2694 olim
329 2633 455 2715 vigebat
498 2631 568 2715 (cfr.
602 2631 792 2693 Graecorum
831 2634 1148 2715 βατραχομυομαχίαν
1190 2642 1221 2692 et

59 2734 193 2808 fabulas,
222 2756 303 2816 quae
333 2736 476 2796 dicuntur
498 2735 684 2816 Aesopeae).
728 2733 774 2794 Ita
796 2734 953 2794 Homerus
976 2753 1102 2815 quoque
1123 2734 1220 2818 Poly-

58 2835 209 2915 phemum
232 2836 441 2917 alloquentem
466 2838 541 2898 lacit
561 2836 682 2898 hircum
705 2835 806 2917 gregis
830 2844 861 2896 et
882 2836 1001 2898 interro
1024 2844 1138 2909 antem,
1165 2856 1220 2898 cur

10 2960 20 2995 r
57 2956 120 2998 non
137 2937 255 3017 primus
272 2959 311 2999 ex
326 2948 416 3001 antro
433 2941 621 3021 egrediatur,
644 2946 677 3000 ut
691 2947 784 3000 antea
807 2940 918 3001 solitus
942 2939 989 3011 sit,
1013 2939 1068 3001 sed
1091 2946 1220 3018 postre-

10 3056 18 3125 ἰ,
59 3060 127 3102 mus
151 3041 222 3123 (Od.
245 3041 300 3113 IX,
323 3041 405 3126 447),
430 3049 461 3101 et
482 3041 631 3101 Achillem
656 3035 884 3102 commemorat
906 3060 1005 3121 equos
1028 3049 1219 3127 monentem,

10 3128 20 3175 l·
59 3149 93 3203 ut
129 3143 268 3225 aurigam
305 3144 337 3204 in
375 3145 543 3205 exercitum
581 3144 732 3225 sospitem
776 3146 928 3205 reducant
961 3142 995 3205 ll.
1028 3141 1114 3216 XIX,
1146 3143 1219 3208 400.

59 3245 119 3307 Cfr.
143 3246 177 3310 Il.
200 3244 278 3319 VIII,
304 3248 381 3322 1843
408 3246 521 3321 XXIII,
545 3249 607 3312 402
618 3248 650 3332 ¹).
694 3245 796 3321 Quid?
830 3246 914 3327 quod
945 3245 1137 3308 clarissimus
1166 3246 1220 3308 ille

58 3353 153 3426 poeta
170 3349 278 3410 bestiis
303 3357 422 3411 tantum
443 3350 645 3412 humanitatis
670 3350 732 3424 dat,
758 3357 792 3411 ut
815 3369 913 3430 equos
933 3348 1060 3409 Achillis
1083 3355 1219 3409 mortem

57 3451 195 3510 Patrocli
217 3451 384 3514 deflevisse
407 3451 520 3534 fingat:
543 3452 576 3514 Il.
594 3451 689 3524 XVII,
706 3453 777 3518 426.
823 3451 884 3512 cn.
908 3450 1003 3512 etiam
1025 3450 1117 3532 Verg,
1139 3451 1218 3513 Aen.

57 3552 94 3624 ΙΙ,
111 3552 161 3617 89.Ι
195 3554 311 3614 Verum
334 3555 414 3615 haec
437 3554 562 3634 quidem
584 3556 742 3616 humanae
764 3563 895 3615 naturae
916 3553 948 3613 in
971 3553 1087 3616 bestias
1110 3561 1219 3615 trans-

10 3670 19 3739 ᾗ
57 3654 135 3715 latio
157 3655 293 3716 maxime
316 3657 551 3737 antiquissimae
573 3657 617 3718 illi
640 3657 734 3718 aetati
750 3655 879 3737 propria
896 3662 973 3729 erat,
996 3675 1058 3736 qua
1072 3655 1217 3718 homines

10 3748 13 3779 ⁵
59 3775 129 3817 cum
165 3757 273 3820 bestiis
308 3759 520 3840 frequentiore
553 3767 584 3821 et
616 3759 767 3840 propiore
801 3779 859 3820 usu
896 3758 1053 3819 coniuncti
1086 3757 1219 3842 erano),

10 3914 12 3941 ζ
60 3859 204 3922 omnibus
220 3867 325 3923 autem
342 3862 535 3943 temporibus
551 3870 582 3922 et
602 3863 686 3942 apud
709 3880 817 3924 omnes
841 3869 948 3942 gentes
971 3860 1117 3923 usitatum
1141 3868 1218 3934 erat,

10 3982 15 4027 ἰ
58 3961 221 4024 hominum
252 3965 365 4047 agendi
391 3965 546 4026 rationem
577 3985 645 4026 cum
681 3964 867 4027 animalibus
901 3981 1103 4044 comparare;
1137 3981 1218 4043 quae

135 4158 154 4223 ¹)
174 4157 217 4213 De
236 4159 287 4214 hae
305 4166 445 4232 poetarum
464 4161 579 4214 dicendi·
592 4160 697 4214 ratione
717 4161 783 4232 quid
809 4160 846 4237 sit!
867 4158 1042 4213 iudicandum
1067 4158 1218 4212 rectissIme

60 4249 210 4320 explicatur
228 4253 260 4304 ab
279 4252 306 4306 J.
326 4251 358 4306 B.
379 4252 536 4309 Friedreieb
555 4253 584 4304 in
604 4269 636 4305 eo
661 4253 740 4316 libro,
765 4252 812 4324 qui
837 4251 1008 4306 inscribitur:
1038 4250 1088 4305 De
1110 4251 1219 4304 Iicalt’cn

58 4342 109 4395 der
126 4340 210 4394 Illade
229 4359 254 4397 u.
275 4344 391 4416 Odyacee
410 4364 436 4417 p.
454 4343 510 4398 258
529 4362 569 4416 sq.

135 4434 156 4502 ²]
171 4430 227 4488 Cir.
240 4433 298 4488 Jac.
312 4434 429 4491 Grimm:
444 4438 542 4495 ‚Wesen
551 4439 602 4515 ⁸der
617 4434 753 4505 Tiersabct.
782 4435 931 4504 Eleleitung
942 4452 976 4490 zo
988 4434 1115 4488 Reinbart
1127 4433 1222 4487 Fucbs.

989 4527 1005 4590 1
