2760 5280
111 740 187 784 suco
210 739 278 784 suo.
321 718 382 780 Cir.
406 710 499 782 Stich.
524 718 544 791 Ι,
567 719 597 783 3.
623 720 743 783 12-15
761 716 811 778 all.
837 753 874 765 -
896 716 1026 779 Accedit
1052 723 1157 779 autem
1182 718 1269 780 aliud

109 823 152 883 in·
170 819 319 884 Plautinis
346 820 652 903 comparationibus,
684 820 769 900 qood
799 818 958 882 mentione
989 819 1076 881 haud
1104 818 1270 901 indiguum

110 925 254 987 videatur
275 943 354 986 esse.
398 923 565 985 incidimus
585 923 618 982 in
640 921 807 985 nonnullas
827 921 954 994 bestias,
977 939 1059 1002 quaa
1075 922 1271 1003 compluries

110 1027 236 1109 quidem
265 1026 297 1087 in
326 1025 556 1088 similitudinem
586 1024 762 1097 trahuntur,
792 1043 924 1105 quarum
954 1031 1061 1086 tamen
1089 1023 1157 1087 aliis
1191 1024 1272 1088 loeis

110 1129 188 1191 alias
218 1129 429 1210 proprietates
456 1131 553 1206 potita
581 1126 724 1208 respicit,
756 1134 790 1188 ut
818 1125 904 1189 canis
934 1133 988 1188 aut
1015 1133 1063 1189 est
1093 1124 1273 1208 pastoralis

109 1239 162 1293 aut
184 1231 363 1293 venatorius
387 1238 441 1291 ant
462 1238 548 1292 certo
571 1249 701 1296 munere
723 1249 785 1291 uon
808 1228 939 1313 fungens
961 1227 1150 1310 generaliter
1175 1247 1274 1291 oom-

109 1339 313 1394 memoratur.
362 1331 454 1394 Canis
482 1332 650 1413 pastoralis
679 1332 820 1395 defendit
849 1349 975 1412 gregem
998 1349 1017 1392 a
1039 1330 1113 1411 lupo
1135 1330 1222 1395 Trin.
1246 1331 1272 1405 l,

110 1437 139 1500 Ξ.
165 1436 347 1508 Ι33-135;
379 1434 537 1515 compellit
564 1434 701 1514 pecudes
729 1435 782 1498 As.
809 1434 860 1507 ΙΙΙ,
883 1435 913 1500 3.
938 1434 1015 1508 148;
1046 1432 1132 1495 oanis
1163 1439 1272 1496 rona-

109 1537 208 1598 torius
237 1555 344 1598 macer
372 1555 443 1599 osse
473 1536 570 1599 solet:
599 1535 688 1619 Capt.
715 1536 737 1611 1,
763 1541 789 1604 1.
815 1540 868 1611 17;
899 1536 1038 1598 odorans
1065 1535 1271 1616 persequitur

109 1639 193 1703 feras
217 1639 280 1700 Mil.
304 1636 339 1712 ΙΙ,
362 1641 391 1703 2.
418 1640 493 1713 1133
523 1638 609 1702 Curc.
634 1638 655 1710 Ι,
678 1643 707 1704 2.
733 1642 787 1715 17;
817 1639 874 1701 sed
896 1657 960 1700 uon
980 1637 1094 1701 invitus
1118 1646 1272 1701 venatum

111 1741 180 1802 duci
204 1741 298 1802 debet
318 1740 414 1802 Poen.
437 1739 486 1811 ΙΙΙ,
503 1745 533 1805 3.
549 1744 606 1816 34;
631 1741 767 1822 denique
789 1740 875 1804 canis
897 1739 981 1802 mala
1003 1748 1154 1820 exparte
1178 1739 1271 1802 varie

110 1842 278 1904 adhibetur
307 1843 402 1905 Poen.
432 1845 468 1913 V,
496 1845 525 1908 4.
555 1846 614 1917 66;
644 1842 726 1906 Men.
753 1844 788 1918 V,
816 1845 867 1918 34,
897 1841 949 1904 all.
978 1840 1039 1903 vid.
1068 1861 1098 1921 p.
1128 1843 1269 1906 20-22.

110 1944 177 2006 Alia
200 1946 344 2026 exempla
366 1944 509 2007 omittere
524 1944 625 2018 liceat,
648 1965 727 2021 com,
750 1945 855 2027 qualia
869 1943 939 2018 sint,
963 1943 1030 2006 sine
1044 1943 1172 2024 negotio
1189 1962 1271 2024 per-

111 2047 186 2127 spici
209 2047 320 2127 possit.

194 2148 240 2208 Ex
255 2149 410 2222 omnibus,
433 2168 515 2229 quae
530 2149 634 2210 adhuc
651 2149 906 2223 commemoravi,
929 2146 1005 2210 satis
1024 2147 1134 2221 elucet,
1159 2167 1271 2229 quau-

110 2255 175 2310 tam
199 2257 298 2311 artem
321 2249 447 2311 Plautus
469 2250 500 2309 in
524 2253 694 2313 tractandis
718 2250 1007 2332 comparationibus
1029 2257 1194 2312 assecutus
1218 2250 1268 2314 sit.

109 2351 175 2412 lam
197 2358 306 2425 restat,
329 2358 363 2413 ut
385 2352 596 2432 anquiramus,
620 2355 701 2414 unde
715 2354 842 2416 Plautus
859 2352 1111 2433 comparationes
1128 2353 1169 2414 ad
1194 2353 1270 2414 ani·

110 2453 204 2516 maiia
227 2459 406 2535 spectantes
428 2455 583 2534 petiverit.
627 2457 834 2538 Respicieuda
857 2463 929 2518 suut
952 2463 1024 2516 aute
1046 2454 1152 2516 omnia
1174 2454 1270 2537 frag-

110 2565 215 2617 menta
244 2574 347 2617 novae
376 2557 561 2619 comoediae
589 2559 726 2632 Atticae,
760 2578 853 2640 quam
883 2557 1010 2619 Plautus
1039 2556 1179 2618 imitatus
1211 2565 1269 2631 est,

108 2663 174 2716 tum
189 2656 408 2735 Aristophanis
424 2657 619 2739 aliorumque
635 2661 826 2721 comicorum
842 2678 950 2740 opera,
965 2658 997 2719 in
1012 2658 1125 2739 quibus
1136 2659 1270 2721 Plautus

109 2759 177 2822 sine
201 2759 294 2820 dubio
318 2761 399 2820 haue
420 2769 563 2822 versatus
587 2768 666 2834 erat,
688 2761 852 2842 diligenter
874 2768 946 2823 sunt
968 2759 1205 2840 perscrutanda,
1234 2770 1269 2821 ut

107 2861 231 2923 illorum
264 2861 520 2942 comparationes
555 2864 594 2924 ad
628 2865 776 2925 animalia
810 2871 988 2944 spectantes
1015 2880 1085 2923 cum
1114 2861 1268 2925 Plautinis

109 2965 319 3026 conferantur.
364 2965 425 3025 Sed
449 2965 474 3026 si
497 2965 741 3045 disputationem
771 2966 815 3028 ita
835 2965 1041 3036 instituerem,
1069 2961 1149 3024 fines
1171 2963 1269 3026 huius

108 3065 380 3127 commentationis
403 3067 495 3128 nimis
517 3067 581 3128 late
602 3069 860 3148 producerentur,
890 3069 998 3148 itaque
1018 3065 1082 3128 iam
1105 3065 1145 3128 ad
1169 3085 1268 3146 quam

109 3169 294 3231 sententiam
318 3167 426 3230 studiis
450 3167 526 3245 meis
549 3169 653 3232 adhuc
675 3171 828 3232 adductus
850 3169 919 3246 sim,
947 3167 1084 3230 breviter
1105 3187 1269 3250 exponere

109 3272 185 3334 satis
206 3273 345 3334 habebo.

191 3375 294 3451 Atque
319 3373 497 3453 fragmenta
525 3372 652 3453 quidem
677 3392 780 3435 novae
810 3372 996 3435 comoediae
1024 3372 1164 3448 Atticae,
1193 3391 1268 3434 cnm

107 3474 228 3556 singula
250 3492 324 3535 casu
347 3473 485 3554 quodam
508 3474 624 3536 tradita
646 3474 717 3547 sint,
739 3475 813 3556 quid
835 3475 956 3550 mirum,
984 3475 1067 3556 quod
1091 3492 1269 3557 compara-

107 3577 245 3641 tionibus
277 3576 339 3638 huc
371 3576 582 3656 spectantibus
615 3576 815 3660 egentissima
847 3584 919 3640 suut
952 3585 983 3640 et
1015 3597 1090 3639 raro
1120 3578 1268 3659 exempla

107 3679 272 3760 praebent,
301 3697 383 3759 quae
410 3698 479 3740 cum
500 3678 650 3741 Plautinis
677 3679 813 3741 conferri
834 3679 977 3761 possint?
1021 3680 1135 3741 Verum
1158 3687 1268 3742 tamon

109 3800 189 3862 quae
217 3780 321 3861 aliqua
350 3781 472 3842 ratione
497 3781 713 3844 Plautinarnm
741 3782 911 3864 imaginum
940 3780 1053 3845 similia
1081 3781 1194 3855 inveni,
1226 3801 1270 3844 ex

106 3883 289 3964 fragmentis
313 3877 378 3944 ¹illis
409 3892 439 3945 et
467 3903 507 3945 ex
533 3883 753 3965 Aristophanis
783 3883 930 3966 operibus
960 3884 1077 3946 contuli
1106 3890 1137 3946 et
1167 3903 1268 3967 snpra

107 3985 235 4067 singulis
260 3984 337 4047 locis
360 3984 497 4047 adiunxi.
540 3986 628 4047 Dicat
656 3986 748 4066 igitur
775 3985 942 4068 quispiam,
973 3992 1058 4048 certe
1087 4004 1141 4048 eas
1172 4004 1268 4047 corn-

107 4087 299 4169 parationes,
328 4105 411 4169 quaa
433 4086 558 4149 Graecis
588 4088 813 4168 respondeant,
842 4108 859 4149 e
888 4088 1083 4150 Graecorum
1112 4086 1266 4150 comediis

107 4191 290 4268 adsumptae
312 4207 392 4252 esse.
437 4186 529 4260 Quod
552 4210 788 4272 nonnumquam
810 4189 938 4270 quidem
965 4191 1083 4252 taotum
1104 4207 1175 4250 csse
1197 4208 1266 4250 non

107 4290 296 4373 negaverim,
319 4292 374 4354 sed
398 4291 428 4351 in
445 4292 589 4353 omnibus
605 4292 783 4354 huiusmodi
801 4291 953 4372 exemplis
975 4292 1007 4352 id
1030 4289 1158 4351 minime
1180 4309 1265 4350 cou-

108 4393 192 4454 tendi
207 4400 320 4473 potest.
354 4393 431 4454 Nam
448 4394 521 4476 quin
538 4396 621 4474 apud
637 4394 778 4457 diversos
794 4394 928 4476 populos
941 4413 980 4455 ex
990 4391 1264 4455 observationibus

107 4494 269 4557 hominum
298 4502 328 4558 et
357 4494 535 4558 animalium
562 4496 677 4560 similes
701 4498 952 4579 comparationes
980 4493 1165 4575 saepissime
1192 4493 1265 4553 ori-
