2760 5280
649 400 687 463 51

625 487 742 495 ...-.-----

546 647 581 717 h.
622 648 788 721 Vermes.

174 798 291 863 ternis
306 797 491 878 plerumque
507 800 546 860 ab
561 799 741 861 hominibus
756 800 893 860 babetur
910 796 1026 859 anirnal
1041 795 1246 858 humillimum

89 906 121 961 ct
142 899 334 973 vilissimum,
357 902 441 980 qnod
466 920 575 963 omnes
596 900 765 982 neglegunt
787 909 841 964 aut
864 921 931 963 cum
954 899 1082 962 fastidio
1102 896 1247 959 abiciunt.

88 1002 253 1063 Translate
284 1001 383 1082 igitur
401 1002 569 1065 adhibetur
597 1003 712 1065 vermis
739 1023 798 1084 pro
829 1021 864 1063 re
893 1002 1005 1065 nullius
1035 1000 1142 1083 pretii,
1176 999 1247 1061 talis

89 1103 275 1184 metaphora
307 1103 455 1184 implicite
487 1104 642 1166 indicatur
669 1105 738 1168 Aul.
763 1108 797 1180 V,
823 1108 869 1177 ¹0,
897 1104 949 1166 ubi
975 1105 1055 1166 hacc
1084 1103 1246 1184 leguntur:

38 1216 42 1221 ’
87 1207 177 1291 Lyn:
206 1207 289 1286 ‚quid
320 1206 515 1287 repperisti?
558 1207 676 1269 Strob,:
705 1225 778 1282 ‚non
805 1207 890 1289 quod
921 1207 1008 1288 pueri
1034 1204 1194 1268 clamitant
1214 1202 1246 1263 iu

87 1309 163 1371 faba
184 1327 219 1371 sc
241 1307 416 1388 reperisse'.
457 1309 545 1384 Quae
568 1310 729 1390 quomodo
752 1309 813 1372 sint
835 1309 1055 1390 intellegenda,
1076 1305 1247 1369 Lambinus

90 1411 192 1482 docet,
224 1430 293 1471 cum
317 1396 443 1472 Strobili
469 1430 656 1492 responsum
686 1410 748 1472 hau
777 1411 900 1473 ratione
930 1409 1170 1472 circumscribit:
1197 1426 1248 1482 ,nc

88 1512 245 1575 existimes
276 1531 344 1573 rem
373 1512 469 1585 nihili,
496 1519 571 1594 puta
602 1513 814 1586 vermiculum,
844 1533 936 1594 quem
959 1513 1096 1588 ,midam'
1125 1517 1248 1583 vocant,

89 1634 138 1675 me
165 1613 352 1694 repperisse,
381 1615 436 1676 sed
466 1615 637 1696 quidquam
663 1614 855 1696 pretiosum’.
902 1616 1016 1675 Verum
1038 1614 1122 1675 hanc
1143 1611 1248 1692 expli-

88 1717 242 1778 cationem
277 1736 466 1797 quamquam
500 1716 694 1798 posteriores
725 1717 915 1797 interpretes
948 1716 1162 1797 repetiverunt
1195 1713 1247 1775 vix

87 1826 206 1879 rectam
229 1837 300 1880 essc
323 1828 429 1883 censet
444 1819 617 1903 Ussingius:
640 1820 716 1893 ,Nec
737 1820 837 1892 euim’,
860 1819 968 1900 inquit,
992 1819 1091 1898 ,pueri
1111 1817 1143 1878 in
1166 1817 1247 1878 fabis

89 1939 211 1982 vermes
235 1928 289 1981 aut
311 1930 464 2000 quaerunt
486 1929 540 1984 aut
562 1922 695 1983 inventis
718 1921 876 1983 exsultant
897 1921 1023 2003 gaudio,
1045 1920 1142 1982 immo
1164 1919 1248 1980 hor-

86 2028 157 2082 rent
179 2028 210 2082 et
232 2022 378 2084 abiciunt.
416 2022 506 2083 Aliud
529 2024 624 2085 luerit
644 2043 774 2085 necesse
797 2031 854 2086 est.
892 2022 1014 2096 Quodsi
1036 2021 1246 2103 suspicionem

86 2125 229 2206 prolerre
261 2124 333 2185 licet
365 2123 450 2186 nullo
484 2125 675 2206 antiquitatis
707 2126 889 2188 testimonio
922 2125 1044 2198 nixam,
1082 2133 1116 2186 ut
1147 2123 1248 2186 nostri

85 2225 175 2308 pueri
197 2227 228 2287 iu
252 2227 398 2288 fabarum
422 2235 450 2287 ct
475 2229 608 2288 cicerum
632 2228 752 2307 siliquis
776 2228 953 2309 aperiendis
975 2229 1001 2287 si
1020 2245 1132 2287 novem
1155 2226 1247 2287 fabas

86 2336 140 2390 aut
172 2328 341 2390 cicerculas
371 2330 483 2389 eadem
516 2329 628 2409 siliqua
660 2329 796 2392 inclusas
829 2328 1002 2401 inveniunt,
1035 2329 1077 2389 ita
1112 2327 1246 2407 antiquis

87 2429 272 2491 crediderim
295 2431 428 2491 cundem
452 2450 615 2492 numerum
638 2430 759 2492 felicem
784 2431 883 2492 visum
905 2430 1001 2493 fuisse
1023 2449 1141 2510 cosque
1156 2428 1247 2490 simili

87 2533 215 2593 inventu
231 2532 376 2613 gavisos’.
413 2532 502 2607 Quae
518 2537 685 2594 verborum
703 2532 922 2614 interpretatio
937 2553 1001 2594 nou
1016 2533 1116 2595 solum
1134 2552 1246 2612 parum

87 2632 264 2696 verisimilis
287 2635 410 2696 videtur
433 2655 512 2708 esse,
536 2639 591 2698 sed
617 2637 721 2708 etiam,
744 2642 893 2716 quantum
917 2635 1062 2716 equidem
1089 2634 1246 2715 intellego,

86 2736 146 2816 ipsi
180 2737 365 2807 sententiae,
399 2756 493 2816 quam
523 2737 748 2807 desideramus,
782 2738 875 2817 plane
903 2746 1065 2816 repugnat.
1115 2736 1192 2796 Nam
1221 2736 1247 2798 si

87 2837 159 2898 loco
176 2856 286 2897 eorum
304 2839 481 2925 verborupn,
505 2844 688 2919 quaesunt:
712 2838 806 2919 ,quod
827 2837 915 2917 pueri
931 2837 1098 2900 clamitant’
1120 2857 1147 2900 e,
1164 2859 1193 2918 q.
1210 2859 1245 2912 s,

85 2939 116 2999 id
151 2958 341 3019 poneremus
373 2941 456 3019 quod
490 2940 651 3021 Ussingius
686 2942 846 3020 exposuit,
878 2939 1033 3002 Strobilus
1065 2940 1144 3001 haec
1177 2940 1247 3003 lere

75 3041 219 3102 diceret:
248 3060 311 3101 uon
341 3060 453 3102 novem
482 3042 582 3114 fabas,
612 3042 631 3104 i.
656 3061 682 3104 e.
706 3061 767 3103 uon
791 3042 926 3123 repperi,
957 3061 1019 3123 quo
1044 3042 1132 3123 quasi
1159 3051 1246 3106 certo

86 3143 194 3205 oblato
209 3142 365 3206 felicitatis
381 3143 484 3205 omine
499 3144 644 3218 laetarer,
667 3145 721 3205 sed
739 3144 821 3224 quod
839 3144 1012 3205 horrerem.
1052 3143 1121 3204 Hoc
1143 3153 1246 3206 autem

87 3248 277 3309 contrarium
296 3254 346 3309 'est
364 3246 565 3328 sequentibus
590 3248 627 3332 (v.
646 3249 712 3332 l3l:
742 3247 878 3327 ,repperi
899 3246 1005 3319 bodie,
1028 3264 1091 3319 ere,
1123 3246 1246 3310 divitias

86 3348 217 3411 nimias'.
261 3349 445 3411 Lambinum
463 3370 538 3431 ergo
562 3370 696 3431 sequens
719 3353 817 3411 verba
839 3369 936 3430 supra
957 3348 1050 3411 allata
1073 3349 1135 3411 hoc
1152 3351 1247 3411 modo

86 3450 293 3529 interpretor:
316 3452 442 3531 repperi
459 3472 521 3513 non
538 3451 738 3512 vermiculum
754 3451 775 3512 i.
792 3470 818 3513 e.
840 3470 903 3511 uon
919 3470 985 3510 rem
1002 3450 1124 3525 nullius,
1147 3451 1247 3532 pretii,

87 3550 300 3614 sed-divitias
323 3551 444 3634 nimias.
582 3534 584 3539 Ι

172 3654 358 3734 lumbricuS,
385 3655 585 3716 maledictum
614 3655 653 3715 de
681 3673 784 3724 servo,
813 3654 866 3735 qui
894 3661 927 3715 ut
949 3655 1064 3718 vermis
1087 3662 1159 3717 ante
1190 3656 1246 3715 snb

89 3762 173 3817 terra
201 3756 302 3818 latens
332 3757 434 3817 subito
464 3775 639 3837 prorepens
673 3776 710 3818 ex
738 3755 899 3837 inopinato
932 3759 961 3819 in
994 3778 1052 3820 ara
1086 3755 1248 3818 assidebat

88 3859 157 3921 Aul.
177 3858 227 3932 lV,
244 3861 272 3922 4.
300 3863 332 3921 l:
354 3858 514 3933 lumbrice,
539 3859 590 3941 qui
613 3863 668 3922 sub
692 3867 778 3921 terra
802 3860 961 3940 errepsisti
985 3860 1090 3920 modo.
1115 3893 1153 3903 -—
1178 3856 1246 3920 Cas.

87 3960 112 4035 l,
127 3965 184 4028 392
207 3965 271 4022 ruri
293 3959 351 4021 nisi
374 3967 406 4020 tu
429 3979 574 4023 acervum
599 3963 701 4024 ederis
723 3963 785 4023 Aut
808 3962 897 4043 qnasi
920 3961 1088 4024 lumbricus
1111 3966 1246 4037 terram;

90 4100 130 4110 -
151 4063 263 4125 Bacch.
285 4061 336 4135 lV,
359 4064 388 4126 6.
407 4066 462 4127 22:
486 4083 577 4138 ,nunc
600 4067 639 4125 ab
662 4072 832 4127 transenna
854 4064 905 4126 hic
926 4066 1036 4126 turdus
1059 4063 1245 4125 lumbricum

89 4163 192 4247 petit’;
214 4165 234 4230 i.
258 4184 284 4228 e.
318 4171 350 4225 ut
371 4166 481 4226 turdus
504 4166 699 4241 lumbricum,
733 4165 777 4229 ita
800 4165 968 4229 Nicobulus
999 4166 1076 4247 petit
1102 4185 1162 4238 me,
1189 4164 1245 4225 sed

89 4285 165 4329 mox
186 4265 254 4346 ipse
276 4267 424 4349 pendebit
444 4268 640 4348 illaqueatus.

175 4368 306 4438 hirudor
332 4371 459 4454 proprie
482 4370 609 4445 vermis,
633 4371 684 4453 qui
707 4371 888 4454 sanguinem
910 4371 1042 4434 aliorum
1065 4369 1244 4433 animalium

1014 4472 1054 4537 4*
