2760 5280
606 515 755 608 ..An

104 722 257 785 volturios
274 723 364 782 duos.
398 717 529 780 Theou:
544 716 614 776 Non
631 715 744 796 edepol
760 713 861 775 video.
892 713 942 774 l'r.
957 714 998 772 At
1012 729 1070 794 ego
1086 711 1180 773 video
1198 729 1269 773 eum

105 825 187 887 inter
209 822 363 885 volturios
387 820 481 882 duos:
511 818 626 881 Cornix
648 825 743 880 astat:
772 835 809 878 ea
838 814 991 876 volturios
1022 815 1103 876 duos
1130 813 1271 876 vicissim

107 926 232 988 vellicat
249 945 275 987 e.
292 945 321 1006 q.
338 943 363 986 s.
401 922 461 985 Cfr.
477 920 543 983 Ael.
558 921 628 982 Nat.
645 920 738 981 anim.
753 918 822 991 XV,
838 919 893 983 22:
917 923 989 991 ταῖς
1008 914 1163 1003 κορώναις
1179 915 1272 1002 ἐ’ρνον

107 1024 182 1099 τοὺς
204 1023 319 1101 ἀετοὺς
340 1024 525 1109 ἐρεσχελεῖν.
557 1023 590 1085 0.
608 1025 641 1085 S.
658 1023 771 1085 Kddler
794 1022 870 1096 (dus
894 1020 1052 1083 llerleben
1073 1021 1115 1080 im
1131 1019 1273 1098 Sprieb-

106 1137 186 1193 mort
201 1132 257 1191 der
274 1129 425 1191 Grteclrea
446 1127 510 1188 ond
524 1127 654 1202 Rdmer)
677 1124 740 1186 hcc
754 1121 955 1204 proverbium
979 1129 1084 1183 ortum
1107 1138 1179 1182 esse
1196 1119 1273 1180 dicit
1287 1194 1293 1204 ·

106 1230 181 1292 inde
211 1232 296 1311 quud
326 1228 465 1290 cornices
493 1226 616 1289 invidas
647 1247 717 1289 esse
742 1231 880 1297 narrent,
910 1223 996 1304 quod
1025 1221 1152 1305 aquilae
1175 1221 1271 1284 altius

108 1332 217 1394 volare
240 1330 371 1412 possint.
417 1325 940 1413 (clr.etiamLorenz.ad.h.1.)
969 1325 1041 1386 vide
1066 1325 1160 1387 Arist.
1190 1324 1272 1405 Equ.
1311 1358 1314 1363 ·

110 1437 188 1501 1051
204 1453 265 1514 sq.:
282 1432 439 1518 φθονεραὶ
452 1428 511 1516 γὰρ
528 1428 733 1516 ἐπικρώζουσι
747 1433 894 1515 κορῶναι.
917 1427 996 1490 ’Att’
1011 1426 1123 1509 ἱέρακα
1134 1427 1220 1510 φίλει
1230 1463 1271 1472 -

109 1533 151 1608 ὥς
181 1551 233 1598 σοι
258 1531 351 1615 ἤγαγε
383 1535 435 1616 (sc.
462 1532 565 1614 χλέων)
603 1530 759 1610 συνδήσας
786 1531 1039 1609 Λακεδαιμονίων
1072 1529 1272 1612 κορακίνους.

108 1639 173 1700 Nos
206 1635 447 1719 proverbialiter
480 1635 625 1700 dicimus:
659 1636 731 1712 „die
760 1635 867 1696 Krdbe
903 1635 965 1696 will
992 1633 1046 1693 mit
1076 1633 1146 1693 dem
1173 1632 1273 1692 Λαίαν

110 1738 256 1803 stretteo”
278 1741 428 1801 Wunder:
451 1739 587 1800 deutsclr.
606 1737 755 1815 Sprtcbw.
778 1737 855 1797 Lcc.
879 1735 920 1812 ΙΙ,
940 1755 974 1814 p.
1000 1734 1101 1816 1568).
1125 1769 1165 1778 -
1191 1731 1273 1793 Vul-

110 1847 195 1901 tures
217 1840 267 1901 vel
289 1841 425 1901 triduum
448 1838 565 1911 volant,
587 1844 622 1900 ut
643 1845 752 1898 narrat
772 1837 849 1898 Plin.
866 1836 944 1898 Hist.
962 1842 1024 1896 nat.
1040 1835 1080 1907 X,
1097 1836 1116 1899 6
1140 1835 1271 1895 adeum

109 1943 224 2014 locum,
257 1941 309 2003 ubi
341 1943 496 2003 cadavera
528 1941 643 2002 lamam
677 1958 785 2000 eorum
817 1938 979 2019 expletura
1000 1937 1111 1998 iacent.
1155 1935 1271 1998 Similis

109 2051 224 2107 natura
248 2044 369 2104 mulieri
391 2043 547 2120 tribuitur,
572 2060 653 2123 quae
675 2040 810 2102 amatori
832 2039 1046 2121 praestolatur
1067 2040 1157 2100 Truc.
1180 2037 1219 2111 ll,
1242 2040 1271 2102 3.

112 2149 167 2211 16:
195 2146 277 2218 ,vide
300 2145 417 2207 utiam
442 2145 531 2226 quasi
553 2143 678 2206 volturii
702 2143 805 2204 triduo
828 2142 916 2203 Prius
939 2140 1168 2221 praedivinant,
1196 2140 1272 2221 quid

112 2248 285 2309 comessuri
301 2247 398 2308 sient'.
414 2283 454 2292 —
468 2246 628 2308 Volturius
644 2244 760 2306 animal
775 2243 961 2306 detestabile
976 2242 1165 2315 habebatur,
1186 2241 1273 2323 quod

112 2358 247 2432 apparet
270 2367 309 2409 ex
331 2349 393 2411 llil.
417 2348 468 2420 lV,
491 2352 520 2431 2.
545 2350 599 2414 53:
630 2365 705 2407 nam
734 2346 867 2419 volturio
892 2346 960 2425 plus
982 2343 1110 2406 humani
1134 2345 1275 2407 credost.

43 2514 48 2521 ,
112 2489 153 2498 -
185 2451 355 2531 Singularis
390 2449 555 2512 translatio
588 2449 679 2511 verbi
711 2448 838 2509 volturii
872 2455 957 2509 extat
985 2446 1072 2510 Curc.
1095 2445 1131 2517 ll,
1162 2449 1191 2511 3.
1216 2447 1275 2511 78:

111 2553 193 2627 ‚iacit
217 2553 367 2614 volturios
391 2556 556 2633 quattuor’.
599 2552 644 2614 Ex
668 2553 895 2615 sententiarum
911 2568 1054 2611 connexu
1071 2553 1208 2629 apparet
1224 2547 1276 2609 his

113 2653 218 2716 verbis
241 2655 357 2715 iactum
380 2652 550 2733 pessimum
573 2652 713 2724 indicari,
736 2653 788 2733 qui
811 2652 995 2732 plerumque
1018 2650 1104 2712 canis
1121 2656 1276 2726 vocatur;

113 2756 194 2838 quia,
218 2755 270 2836 qui
292 2773 402 2816 canem
424 2753 506 2827 iecit,
530 2754 614 2834 quod
637 2755 752 2835 posuit,
775 2754 921 2835 perdidit,
944 2753 1003 2815 hos
1027 2754 1108 2814 talos
1125 2752 1275 2815 Curculio

111 2857 264 2920 volturios
287 2855 426 2938 appellat
447 2857 466 2918 i.
490 2875 517 2918 e.
540 2875 681 2937 rapaces.

196 2960 427 3024 subvolturlus:
450 2957 529 3020 Rud.
545 2957 582 3031 ll,
605 2961 635 3023 4.
651 2963 683 3024 9:
708 2959 776 3032 ,eia,
800 2977 913 3038 corpus
938 2955 1148 3038 quoiusmodil
1187 2955 1277 3018 Sub-

112 3059 308 3122 volturiumst
338 3059 406 3121 illut
435 3059 562 3141 quidem
593 3059 790 3140 subaquilum
819 3059 903 3121 volui
933 3060 1056 3120 dicere’.
1101 3059 1277 3138 Sceparnio

112 3179 221 3224 servus
251 3162 384 3224 laudare
406 3161 529 3223 videtur
551 3160 648 3223 animi
671 3161 866 3224 alacritatem
889 3171 943 3223 aut
965 3161 1106 3241 corporis
1128 3159 1276 3222 habitum

111 3265 274 3347 gracilem,
312 3285 381 3326 cum
415 3271 579 3344 comparet
611 3264 822 3345 Ampeliseam
855 3283 925 3325 cum
958 3263 1094 3338 vulture3
1132 3281 1196 3323 non
1232 3263 1276 3325 ad

112 3366 251 3428 colorem
281 3366 449 3428 referenda
480 3372 527 3427 est
556 3364 736 3438 similitudo,
764 3365 795 3426 id
826 3365 910 3445 quod
934 3364 1073 3426 nonnulli
1096 3364 1277 3429 voluerunt

111 3466 246 3548 Corrigit
269 3475 372 3528 autem
401 3486 458 3530 sua
480 3469 578 3528 verba
601 3486 720 3539 servus,
751 3468 823 3547 quia
853 3465 975 3547 aquilae
1001 3466 1172 3528 vulturibus
1200 3476 1278 3528 sunt

112 3569 342 3650 generosiores.
393 3568 540 3631 Similiter
568 3567 734 3630 adhibetur
765 3569 908 3653 aquilus:
941 3569 1036 3631 Poen.
1060 3569 1104 3649 V,
1133 3572 1162 3634 2.
1195 3571 1278 3635 151:

111 3671 237 3732 Statura
259 3670 322 3732 hau
345 3690 470 3754 magna,
501 3689 636 3752 corpore
659 3671 774 3751 aquilo.
818 3670 1023 3755 subaquilus:
1052 3671 1114 3733 vid.
1137 3671 1276 3732 subvol-

111 3771 226 3847 turius;
251 3774 430 3857 aquilinus:
453 3774 565 3837 Pseud.
581 3772 631 3846 ΙΙΙ,
647 3776 676 3837 2.
692 3775 734 3839 62
749 3793 810 3854 sq.:
834 3775 889 3847 ,An
912 3780 944 3834 tu
966 3772 1105 3834 invenire
1128 3771 1275 3852 postulas

112 3894 302 3955 quemquam
333 3895 468 3956 coquom
493 3876 558 3936 Nisi
592 3875 724 3938 milvinis
753 3883 806 3937 aut
839 3875 982 3955 aquilinis
1016 3873 1168 3955 ungulis’l
1199 3874 1219 3937 i.
1243 3895 1274 3939 e.

112 3995 245 4058 coquum
258 3996 407 4059 rapacem
424 3977 488 4038 sive
504 3978 614 4039 furem.
648 3977 682 4038 ln
698 3976 858 4058 proverbii
875 3976 1131 4038 consuetudinem
1147 3977 1275 4040 transiit

112 4078 238 4160 aquilae
266 4087 419 4150 senectus,
454 4079 539 4142 cuius
570 4079 687 4142 mentio
714 4080 751 4142 fit
778 4079 861 4161 apud
890 4079 1067 4142 Terentium
1097 4078 1190 4140 Haut.
1218 4077 1274 4152 111,

111 4185 141 4248 2.
165 4184 185 4247 9
207 4200 269 4260 sq.:
303 4183 370 4244 visa
395 4189 503 4273 verost
532 4182 616 4263 quod
645 4182 706 4244 dici
734 4184 815 4246 solet
843 4181 976 4262 Aquilae
1003 4187 1157 4244 senectus.
1207 4179 1272 4244 cfr.

112 4282 228 4346 Zenob.
250 4283 281 4343 in
296 4284 439 4348 Paroem.
463 4285 513 4346 ed.
529 4284 674 4347 Schneid.
698 4291 729 4346 et
750 4284 885 4347 Lentsch
899 4283 922 4358 l,
937 4305 967 4366 p.
984 4288 1037 4350 52:
1062 4279 1273 4367 &accipique

111 4385 248 4465 κορύδοο
263 4384 386 4465 νεότηςε
409 4381 554 4468 παρόσον
568 4387 622 4450 καὶ
635 4383 798 4471 γηράσκων
813 4383 905 4458 ἀετὸς
920 4382 1052 4464 ἀμείνων
1067 4383 1134 4448 ἐστὶ
1156 4387 1274 4456 παντὸς

110 4485 273 4564 νεάζοντος
296 4483 435 4574 ὄρνιθος.
481 4489 542 4552 cfr.
565 4489 640 4553 Plin.
664 4490 702 4552 Η.
725 4511 756 4552 n.
777 4490 819 4562 X,
841 4491 871 4553 4.
896 4490 944 4553 14.
