2760 5280
78 756 81 761 ⁴
172 773 314 857 placet1).
359 771 533 836 Occurrunt
563 775 643 835 enim
673 775 705 835 in
735 776 848 838 fabulis
872 774 1020 838 Plautinis
1049 774 1129 837 haec
1159 775 1338 837 nominaa

174 877 280 940 bestiis
304 877 412 936 ducta:

257 980 393 1041 Saureas
417 977 547 1063 (σαῦρος
569 1008 609 1033 =
631 980 759 1064 lacerta)
783 999 892 1042 servus
914 981 945 1041 in
969 981 1122 1041 Asinaria.

257 1080 390 1163 Congrio
416 1080 581 1166 (γογγρίων)
606 1101 702 1162 coqus
724 1083 755 1143 in
777 1083 947 1144 Aulularia.

256 1183 382 1245 Leaena
406 1203 483 1244 auus
505 1184 536 1244 in
559 1183 752 1247 Curculione.

258 1284 402 1346 Curculio
424 1287 580 1365 parasitus
602 1287 632 1347 in
657 1286 849 1349 Curculione.
894 1288 938 1350 Cf.
962 1309 991 1369 p.
1015 1287 1065 1352 48.
1089 1289 1139 1351 49.

257 1386 341 1470 Lyco
364 1385 474 1473 (λύκος)
498 1389 650 1469 trapezita
672 1390 704 1450 in
726 1390 923 1452 Curculione.

256 1488 437 1551 Pardalisca
460 1491 571 1551 ancilla
594 1491 624 1551 in
648 1491 772 1556 Casina.

258 1589 418 1653 Canthara
441 1592 554 1653 ancilla
576 1593 607 1653 in
630 1593 770 1674 Epidico.

258 1691 420 1774 Cylindrus
443 1713 562 1775 coquus
584 1696 615 1755 in
634 1695 862 1771 Menaechmis;
886 1698 925 1758 de
947 1696 1037 1758 huius
1061 1700 1168 1757 autem
1190 1695 1332 1758 nominis

175 1794 295 1876 origine
319 1795 508 1858 dissentitur.
547 1797 625 1858 Vide
640 1799 674 1860 E.
690 1798 827 1881 Kocnig:
850 1799 979 1860 nomina
995 1798 1133 1879 propria,
1156 1804 1335 1878 quaesunt

175 1898 258 1980 apud
280 1897 421 1959 Plautum
446 1906 476 1959 et
499 1899 674 1961 Terentium
699 1922 727 1981 p.
752 1903 802 1966 24.

257 1999 463 2083 Milphidippa
486 2004 598 2065 ancilla
619 2004 649 2064 in
673 2002 768 2064 Milite
791 2003 867 2086 glor.

260 2101 414 2165 Acanthio
439 2123 548 2167 servus
570 2107 602 2165 in
623 2106 809 2166 Mercatore.

258 2205 406 2290 Sim(m)ia
429 2209 624 2287 sycophanta
645 2207 677 2267 in
698 2206 863 2267 Pseudulo

257 2307 356 2389 Lycus
378 2307 451 2369 leno
474 2308 506 2368 in
528 2308 677 2371 Poenulo.

256 2409 381 2472 Labrax
403 2409 542 2495 (λάβραξ)
565 2411 638 2471 leno
659 2411 689 2472 in
712 2413 863 2473 Rudente.

256 2513 427 2574 Pithecium
449 2512 618 2597 (πυθήκιον)
642 2534 734 2576 serva
756 2514 787 2575 in
810 2513 1006 2574 Truculento.

259 2613 377 2677 Similia
399 2617 527 2676 nomina
552 2635 570 2676 a
592 2616 738 2676 Terentio
761 2635 914 2696 nusquam
937 2622 1137 2694 usurpantur.

258 2717 373 2777 Extant
400 2719 483 2797 apud
507 2717 650 2778 Plautum
672 2717 773 2779 rarius
797 2717 920 2797 quidem
945 2715 1102 2787 animalia,
1129 2733 1211 2796 quae
1236 2716 1336 2778 blan-

177 2819 283 2880 diendi
312 2838 406 2881 causa
436 2820 475 2881 ad
506 2820 650 2881 homines
680 2819 922 2882 transferuutur.
970 2821 1023 2880 As.
1047 2818 1100 2893 lll,
1129 2821 1157 2881 3.
1183 2819 1245 2883 403
1270 2839 1334 2899 sq.:

176 2922 243 2996 ,Dic
257 2922 349 3002 igitur
365 2923 436 2982 med
453 2922 652 2997 anaticulam,
676 2923 853 2983 columbam
868 2923 918 2983 vel
934 2922 1088 2994 catellum,
1111 2920 1334 2994 hirundinem,

177 3024 388 3098 muneralam,
418 3024 647 3103 passerculum,
677 3023 847 3105 putillum’;
881 3024 931 3087 As.
955 3023 1008 3097 lll,
1040 3027 1069 3090 3.
1098 3026 1138 3087 76
1162 3043 1229 3102 sq.:
1267 3025 1335 3097 ,Dic

176 3128 268 3209 igitur
298 3147 348 3188 me
374 3126 598 3207 passerculum,
629 3125 788 3208 gallinam,
817 3127 1017 3207 coturnicem,
1047 3126 1217 3207 Agnellum,
1247 3126 1335 3188 hae—

178 3230 284 3291 dillum
315 3251 366 3292 me
396 3238 482 3291 tuom
511 3230 561 3290 dic
589 3249 659 3291 csse
688 3230 737 3290 rel
759 3229 922 3303 vitellum’3
952 3229 1020 3290 Cas.
1043 3229 1067 3305 l,
1093 3232 1199 3295 1.50:
1228 3227 1334 3300 ,Meus

177 3332 277 3414 pullus
300 3352 420 3411 passer,
443 3351 513 3393 mea
538 3333 691 3402 columba,
714 3331 756 3390 mi
779 3331 886 3410 lepus'.

260 3436 328 3495 Huc
351 3436 502 3495 accedunt
523 3434 690 3495 nonnullae
713 3433 793 3494 aliae
816 3433 988 3494 bestiarum
1005 3435 1044 3494 ad
1059 3433 1203 3495 homines
1217 3440 1334 3497 trans-

176 3538 330 3600 lationes:

261 3639 441 3720 hogtrillast,
470 3637 620 3701 elabitur:
652 3638 765 3699 Pseud.
788 3638 824 3712 ll,
848 3641 876 3704 4.
901 3642 956 3714 57;
983 3639 1174 3719 pulmentum
1204 3636 1332 3717 pridem

177 3744 206 3803 ei
234 3742 345 3822 eripuit
374 3741 485 3804 milvus
511 3780 546 3787 -
572 3750 603 3804 ut
628 3742 653 3802 si
679 3740 786 3803 liceret
809 3741 935 3802 milvum
960 3740 1119 3802 vadarier:
1147 3739 1214 3799 Aul.
1237 3738 1276 3812 ll,
1300 3744 1332 3805 4.

176 3849 217 3913 37
234 3852 265 3907 et
279 3848 337 3918 403
362 3844 449 3916 Vide,
473 3844 525 3904 uhi
540 3843 718 3906 ludificatur
731 3862 794 3903 una
810 3844 917 3904 cornix
933 3842 1084 3904 volturios
1101 3842 1179 3902 duos
1196 3860 1222 3902 e.
1238 3861 1271 3921 q.
1289 3863 1332 3905 s.:

175 3948 268 4010 Most.
291 3946 340 4020 lll,
364 3948 393 4011 3.
418 3950 493 4019 105;
524 3966 620 4026 quom
647 3946 805 4015 condiunt,
839 3946 907 4007 Non
937 3944 1142 4005 condimentis
1167 3943 1331 4017 condiunt,

177 4053 232 4110 sed
260 4050 424 4130 strigibus:
453 4049 565 4110 Pseud.
588 4047 638 4121 lll,
662 4050 691 4112 2.
714 4051 773 4123 31;
803 4067 876 4108 nam
906 4067 981 4110 oves
1010 4047 1089 4108 illius
1119 4046 1203 4107 haud
1232 4047 1330 4129 longe

250 4296 271 4367 ¹)
290 4296 456 4369 Ampliorem
483 4297 563 4352 huius
584 4301 622 4352 rei
643 4298 847 4369 explicationem
866 4296 997 4351 hocloco
1017 4297 1245 4350 intermittendam
1266 4314 1330 4353 esse

177 4391 277 4461 putari,
303 4391 365 4462 quia
392 4390 508 4456 ,nomina
536 4392 652 4461 propria,
678 4406 747 4462 quae
772 4398 835 4442 sunt
860 4389 932 4459 apud
957 4386 1081 4441 Plautum
1107 4399 1133 4441 et
1158 4388 1330 4444 Terentium’

177 4491 301 4535 accurato
315 4491 425 4536 tractata
439 4483 614 4536 inveniuntur
626 4484 654 4535 iu
668 4482 848 4551 disputatione
861 4480 915 4541 illa,
933 4497 1013 4550 quam
1027 4478 1060 4534 E.
1075 4480 1183 4553 llocnig
1195 4482 1223 4534 iu
1236 4481 1328 4536 lucem

178 4574 262 4626 edidit
279 4573 309 4626 in
329 4573 421 4645 Progr.
442 4572 539 4643 Gymn.
560 4572 785 4628 Petschkaueusis
807 4569 995 4624 tuto-1876.
