2760 5280
612 409 706 505 *ua

113 710 155 803 n.
207 712 261 804 iio
292 710 515 806 animalibus
547 712 594 805 ad
626 710 914 828 comparandum
945 707 1119 804 adhibitis
1151 714 1189 804 ct
1219 711 1265 804 do

276 849 594 966 comparationum
626 850 857 969 singularum
887 848 1087 944 sententia.

194 1037 350 1112 Quoniam
380 1039 481 1121 eapite
510 1040 617 1120 priore
644 1043 683 1102 de
708 1041 811 1103 dorma
835 1039 1104 1119 comparationum
1128 1039 1168 1100 ad
1192 1037 1265 1100 ani-

110 1141 204 1203 malia
228 1143 435 1221 spectantium
459 1143 592 1205 disserui
621 1150 652 1204 et
674 1143 824 1224 exemplis
847 1143 1013 1224 perspicuo
1043 1142 1155 1202 ordine
1183 1160 1264 1201 com-

108 1245 219 1306 iunctis
242 1245 467 1318 demonstravi,
491 1265 553 1327 quo
577 1247 665 1308 vario
694 1248 789 1307 modo
813 1245 1063 1326 comparationes
1087 1243 1222 1305 maxime
1245 1262 1264 1305 a

109 1348 219 1408 Plauto
249 1347 478 1428 exprimantur,
510 1350 572 1410 ianm
608 1350 647 1411 ad
677 1349 745 1429 ipsa
774 1348 934 1417 animalia,
971 1366 1051 1427 quae
1080 1352 1195 1427 potitae
1223 1345 1263 1406 ad

110 1450 357 1531 comparandum
380 1451 563 1523 attulerunt,
593 1460 623 1512 et
650 1453 689 1513 ad
713 1451 945 1513 similitudinem
968 1448 1136 1529 imaginum
1161 1448 1265 1528 expli-

110 1553 245 1614 candam
276 1552 414 1614 animum
443 1553 654 1616 advertamus.
700 1553 734 1613 lm
762 1553 976 1615 distribuenda
1003 1559 1109 1612 autern
1133 1551 1264 1612 materia

107 1657 254 1717 idoneum
284 1654 409 1717 videtur
439 1676 517 1730 esse,
548 1656 827 1738 significationibus
855 1655 1042 1736 quibusdam
1066 1653 1262 1734 generalibus

108 1758 299 1839 praemissis,
323 1777 378 1820 eas
402 1761 604 1840 metaphoras
629 1770 659 1821 et
682 1757 945 1840 comparationes,
969 1776 1050 1835 quae
1074 1758 1113 1816 de
1135 1755 1263 1817 homine

109 1860 221 1943 (primo
251 1860 430 1921 amimalium
462 1863 582 1946 ordine)
612 1869 684 1924 sunt
712 1863 838 1940 petitae,
864 1859 926 1921 hae
954 1858 1173 1922 dissertatione
1204 1878 1264 1919 ex-

108 1963 286 2036 terminare,
317 1982 357 2023 ne
381 1962 461 2024 fimes
491 1964 623 2026 materia
651 1965 742 2026 mimis
770 1964 897 2044 copiosa
919 1962 1001 2024 iusto
1023 1961 1115 2023 latius
1139 1960 1263 2039 produ-

108 2071 233 2141 cantur;
264 2074 369 2128 cetera
397 2072 500 2128 autem
529 2067 674 2130 animalia
703 2085 742 2128 eo
773 2068 886 2127 ordine
914 2066 1084 2146 disponere
1107 2062 1263 2140 constitui,

107 2187 200 2248 quern
224 2169 261 2242 ei,
286 2169 337 2249 qui
361 2169 496 2230 studium
519 2169 550 2230 in
572 2173 666 2233 rebus
689 2169 884 2232 naturalibus
904 2168 1137 2249 perscrutandis
1161 2166 1263 2227 collo-

108 2276 190 2343 cant,
210 2271 306 2351 sequi
329 2271 441 2333 solent.
486 2273 555 2344 Qua
578 2273 701 2334 ratione
723 2272 863 2334 adhibita
886 2290 949 2333 non
972 2271 1073 2331 solum
1096 2269 1188 2330 facile
1210 2271 1264 2329 in·
1333 2313 1339 2321 -

107 2372 283 2453 telingetur,
310 2392 328 2433 a
350 2374 461 2434 Plauto
490 2383 607 2454 quanto
630 2394 699 2435 cum
722 2374 826 2436 studio
849 2371 1029 2434 amimalium
1052 2372 1263 2451 proprietates

107 2480 139 2534 et
162 2476 402 2537 consuetudines
426 2495 495 2536 cumn
517 2477 695 2538 hominibus
719 2483 921 2557 comparatae
942 2474 1014 2547 sint,
1037 2459 1203 2536 sedetiam
1225 2493 1264 2535 en

109 2576 252 2639 omnibus
275 2577 343 2639 iere
366 2580 547 2640 animalium
572 2581 732 2642 ordinibus
755 2578 899 2660 exempla
926 2578 957 2639 in
981 2578 1117 2638 medium
1140 2578 1263 2656 prolata

107 2698 178 2741 esse
201 2681 376 2761 apparebit.
421 2682 681 2763 Comparationes
705 2691 808 2744 autem
824 2682 1030 2743 Terentianas
1053 2680 1092 2741 ad
1116 2679 1264 2740 amimalia

107 2788 287 2862 spectantes
311 2791 341 2842 et
362 2783 444 2844 inter
467 2786 611 2865 exempla
633 2784 775 2845 Plautina
797 2782 913 2846 inserui
937 2791 968 2844 et
990 2783 1046 2843 sub
1068 2780 1132 2842 fine
1154 2781 1264 2862 capitis

107 2885 279 2965 separatim
304 2887 429 2958 contuli,
451 2896 545 2948 uteo
568 2886 668 2967 magis
691 2885 838 2959 eluceret,
861 2893 1011 2967 quantum
1033 2891 1149 2964 potitae
1163 2886 1264 2946 nostri

106 2988 169 3048 hac
198 2985 322 3048 ratione
349 2987 554 3050 discederent.
599 2989 739 3068 Denique
769 3008 887 3069 operae
908 2987 1041 3070 pretium
1066 2968 1136 3050 esse
1159 2986 1264 3066 putavi

107 3090 233 3174 singulis
256 3089 334 3152 locis
357 3097 388 3151 et
401 3091 551 3153 Plautinis
574 3099 604 3153 et
619 3091 813 3152 Terentianis
836 3111 876 3151 ex
889 3089 1108 3171 Aristophanis
1132 3108 1264 3149 comoe-

69 3189 72 3195 ’
108 3193 166 3255 diis
197 3199 228 3254 et
251 3213 289 3254 ex
311 3193 495 3274 fragmentis
519 3194 708 3256 comicorum
730 3193 921 3256 Graecorum
945 3199 975 3254 et
996 3194 1210 3255 Romanorum
1234 3199 1264 3252 et

108 3316 147 3357 ex
168 3303 299 3358 nostrae
320 3297 444 3378 linguae
458 3298 702 3377 proverbiorum
725 3316 855 3358 numero
875 3295 989 3357 similia
1005 3294 1159 3375 exempla,
1183 3313 1264 3374 quae

107 3398 221 3471 inueni,
246 3401 380 3461 adicere.

192 3501 389 3562 Tractandae
404 3502 495 3584 igitur
511 3509 584 3565 sunt
598 3503 699 3583 primo
721 3502 791 3562 loco
814 3520 872 3562 eae
893 3499 1056 3580 imagines,
1079 3518 1169 3580 quae,
1193 3518 1262 3560 cum

109 3605 149 3665 ad
174 3611 261 3665 certa
291 3604 437 3665 animalia
467 3605 579 3665 referri
610 3604 827 3683 nonpossint,
857 3622 952 3683 supra
975 3602 1138 3684 generales
1166 3619 1184 3662 a
1213 3621 1264 3662 me

108 3713 242 3769 vocatae
263 3712 343 3769 sunt.

268 3920 317 3988 A.
370 3919 590 3990 Generales
614 3920 858 3990 animalium
875 3918 1092 4000 imagines.

191 4085 309 4165 bostra,
338 4083 358 4144 i.
389 4103 416 4145 e.
446 4084 561 4148 animal
590 4086 714 4148 ratione
743 4103 863 4159 carens,
894 4085 977 4165 quod
1008 4082 1193 4145 translatum
1222 4083 1261 4143 ad

108 4185 269 4248 homimem
283 4189 314 4248 in
330 4205 462 4247 numero
479 4188 688 4250 conviciorum
704 4189 851 4250 habetur:
873 4187 970 4248 Poen.
984 4188 1019 4261 V,
1042 4189 1070 4252 5.
1092 4187 1144 4251 13:
1167 4185 1263 4257 ,mala

109 4289 162 4350 illa
177 4288 277 4350 bestia
293 4293 360 4363 est',
383 4310 465 4370 quae
480 4294 578 4353 verba
593 4293 624 4354 h.
640 4292 660 4353 l.
681 4291 713 4352 im
734 4289 894 4352 homimem
910 4307 1059 4370 rapacem
1080 4295 1151 4350 sunt
1166 4288 1263 4364 dicta;

109 4392 176 4453 iere
199 4390 316 4454 eisdem
338 4391 530 4476 significatur
553 4394 711 4467 meretrix,
741 4413 809 4454 curn
832 4394 977 4455 iuuenem
1007 4393 1046 4454 ad
1078 4410 1112 4452 se
1134 4390 1262 4452 allicere
