2760 5280
609 429 760 524 *al-

112 626 192 688 satis
215 632 324 687 notum
348 625 438 709 esu).
483 624 544 687 cfr.
568 625 601 692 ll,
626 626 676 700 Vl,
693 629 772 703 3443
796 625 856 690 Od.
879 624 965 699 XIX,
981 628 1040 699 91;
1057 625 1090 690 ll.
1113 625 1169 695 lX,
1191 628 1274 700 373:

109 728 153 789 ib.
179 727 232 801 Xl,
254 729 315 794 362
332 734 405 798 etc,
434 727 508 807 quin
537 728 630 788 etiam
662 728 692 787 iu
722 727 837 789 sanctis
866 727 952 789 libris
979 727 1095 789 nostris
1127 727 1270 809 exempla

109 828 250 890 invenies
272 829 386 891 Parab.
410 829 597 903 86161626,
616 833 673 904 11;
695 829 763 891 161).
778 832 829 903 30,
845 832 877 907 1;
900 829 1029 910 Apocal.
1051 830 1205 905 166622,
1223 833 1270 895 16.

111 930 164 993 all.
200 930 270 991 Non
293 932 383 992 deest
407 939 510 1001 tamen
532 932 630 1005 locos,
653 933 707 992 ubi
730 951 792 992 vox
808 932 998 993 deminutiva
1021 932 1132 998 catelli
1154 932 1272 994 blande

112 1032 195 1094 dicta
217 1039 265 1094 est
287 1032 327 1092 de
349 1033 532 1095 meretrice:
563 1036 616 1097 As.
639 1033 689 1109 lll,
712 1036 742 1100 3.
770 1035 847 1100 103:
879 1033 944 1108 ‚Dic
972 1034 1065 1114 igitur
1093 1034 1164 1094 med
1188 1052 1271 1095 ana-

110 1134 247 1206 ticulam,
271 1133 449 1195 columbam
473 1135 520 1196 vel
537 1138 697 1198 catellum'.
733 1136 803 1197 Alio
823 1155 919 1198 sensu
939 1135 1106 1198 adhibetur
1126 1135 1273 1196 catellus:

110 1237 200 1302 Curc.
219 1239 254 1309 V,
271 1239 300 1301 3.
315 1238 367 1302 13:
384 1236 559 1310 ,delicatum
576 1246 608 1300 te
622 1239 719 1300 hodie
733 1238 848 1300 faciam
865 1257 933 1298 cum
947 1237 1059 1299 catello
1074 1244 1108 1298 ut
1123 1238 1271 1299 adcubes.

109 1338 229 1400 Ferrea
252 1357 310 1422 ego
334 1337 422 1401 dico'.
467 1340 598 1403 Delicati
620 1341 764 1402 homines
791 1339 920 1402 catellos
944 1359 1048 1401 secum
1071 1339 1274 1418 patiebantur

111 1443 243 1514 cubare,
266 1441 322 1504 sed
345 1441 484 1502 ferreum
502 1461 629 1522 quoque
653 1443 807 1503 vinculum
831 1441 995 1522 quoddam
1017 1442 1190 1502 vocabatur
1212 1460 1272 1502 ca-

110 1542 213 1607 tellus.
261 1543 424 1607 66661.
449 1562 529 1604 com.
553 1565 603 1626 ap.
627 1544 703 1606 Poll.
728 1545 767 1618 X,
785 1546 860 1610 167:
889 1541 1006 1621 σκύλαξ
1029 1541 1271 1606 metanaeas.

109 1645 189 1709 366:
214 1663 324 1706 canem
342 1652 373 1705 et
386 1644 507 1707 furcam
523 1646 618 1709 feras.
654 1645 796 1727 Denique
812 1645 942 1708 catellus
965 1646 1006 1706 ad
1022 1644 1271 1725 comparandum

110 1747 242 1806 affertur
265 1745 360 1808 Stich.
382 1746 435 1825 IV,
459 1751 489 1814 2.
511 1752 569 1814 40:
592 1748 853 1822 Τ661111661661,
881 1747 934 1809 ubi
957 1747 1086 1809 catellus
1108 1749 1209 1818 cubet,
1238 1746 1271 1807 id

110 1846 188 1909 satis
219 1847 278 1908 erit
305 1847 391 1910 mihi.
421 1886 461 1896 -
489 1852 619 1912 Restant
650 1849 820 1911 nonnullae
853 1849 935 1912 aliae
961 1849 1113 1932 imagines
1144 1868 1162 1909 a
1192 1867 1271 1910 cane

108 1949 243 2030 petitae:
268 1968 350 2029 quae
373 1950 447 2031 quid
471 1952 529 2013 sibi
551 1953 647 2014 velint
668 1952 761 2014 facile
782 1952 982 2034 intellegitur.
1019 1952 1100 2013 Rud.
1122 1950 1172 2023 lll,
1189 1955 1219 2015 6.
1235 1957 1271 2017 5:

110 2050 193 2125 Quid
217 2070 286 2133 ego,
311 2054 401 2132 quasi
424 2072 534 2116 canem
557 2055 718 2117 hominem
733 2056 905 2117 insectarer
928 2053 1085 2135 lapidibus
1108 2054 1272 2134 nequissi-

108 2173 212 2227 mum:
234 2153 349 2234 Amph.
364 2153 401 2227 11,
417 2157 447 2220 2.
464 2157 518 2222 48:
543 2175 614 2217 eum
632 2157 749 2219 salutat
764 2156 863 2239 magis
884 2155 970 2218 haud
987 2156 1153 2236 quisquam
1175 2173 1270 2235 quam

109 2274 237 2330 canem:
260 2254 349 2336 Capt.
372 2257 424 2328 lll,
449 2259 476 2322 1.
499 2261 539 2324 25
553 2278 615 2338 sq.:
640 2278 689 2330 ,ne
712 2277 822 2319 canem
846 2259 971 2338 quidem
992 2258 1149 2318 inritatam
1173 2255 1271 2317 voluit

110 2357 277 2438 quisquam
299 2357 460 2429 imitarier,
484 2359 595 2421 saltem
618 2359 646 2421 si
668 2378 730 2419 non
755 2359 934 2436 arriderent
955 2359 1055 2420 dentis
1079 2367 1111 2420 ut
1133 2357 1271 2418 restrin-

109 2462 238 2541 gerent.
282 2459 362 2520 Nam
385 2468 418 2521 ut
440 2479 535 2522 canes
557 2460 672 2522 irritati
693 2461 839 2523 latrando
864 2463 973 2522 dentes
995 2461 1196 2543 restringunt,
1225 2459 1269 2521 ita

112 2559 207 2622 etiam
233 2561 369 2623 hominis
399 2561 531 2626 ridentis
559 2565 683 2625 dentes¹
700 2583 858 2646 apparere
887 2565 998 2637 solent,
1028 2563 1083 2625 cfr.
1105 2562 1195 2643 Epid.
1217 2560 1270 2634 lll,

110 2664 140 2727 3.
163 2663 218 2728 48:
247 2663 327 2726 albis
358 2665 503 2725 dentibus
532 2666 687 2728 deridere.
731 2667 815 2728 Trin.
840 2666 891 2739 lV,
916 2669 943 2730 1.
969 2668 1023 2730 16:
1054 2664 1143 2743 quasi
1173 2681 1268 2724 canes

108 2763 195 2824 haud
219 2783 310 2826 secus
332 2785 444 2827 navem
469 2768 713 2831 circumstabant
733 2768 857 2829 turbine
879 2765 979 2841 venti3
1001 2766 1096 2827 Poen.
1112 2766 1150 2839 V,
1166 2766 1195 2829 4.
1211 2767 1268 2831 64:

111 2864 216 2939 ,etiam
239 2885 289 2926 me
310 2885 400 2928 meae
424 2869 541 2931 latrant
563 2873 664 2932 canes’
684 2871 704 2933 1.
728 2889 754 2932 6.
779 2869 831 2951 qui
853 2888 912 2949 pro
935 2886 986 2927 me
1012 2867 1118 2930 lacere
1141 2868 1269 2939 debent,

70 3002 75 3013 ι
109 2966 185 3027 mihi
202 2968 430 3045 adversantur:
449 2990 524 3032 nos:
541 2974 592 3034 die
607 2976 716 3053 cigneo
731 2976 836 3035 Honde
852 2974 973 3035 baiesen
987 2973 1039 3034 ibn
1054 2977 1076 3045 (
1078 2973 1214 3034 Wunder
1225 2972 1267 3049 ll,

108 3089 140 3149 p.
162 3069 253 3147 896).
294 3070 407 3134 Pseud.
429 3071 454 3146 l,
470 3074 498 3138 3.
514 3075 573 3139 85:
597 3092 669 3149 ‚una
693 3093 792 3154 opera
814 3074 950 3153 adligem
973 3090 1082 3133 canem
1105 3072 1266 3151 fugitivam

110 3170 228 3252 agninis
244 3172 394 3236 lactibus’.
426 3173 538 3237 Lactes
554 3186 625 3237 sunt
639 3174 798 3249 intestina,
814 3195 895 3256 quae
911 3194 970 3256 pro
987 3172 1147 3254 cuppediis
1162 3172 1268 3234 habe-

109 3274 223 3335 bantur
247 3275 311 3358 (clr.
334 3276 455 3337 Lorenz
478 3278 571 3341 adh.
595 3278 640 3363 l.);
663 3278 820 3340 sententia
842 3283 947 3340 autem
970 3276 1051 3338 haec
1074 3282 1139 3338 est:
1163 3275 1217 3337 tibi
1239 3276 1267 3338 si

109 3376 281 3450 crederem,
308 3377 392 3439 idem
415 3399 551 3461 agerem,
581 3400 619 3442 ao
646 3380 764 3461 siquis
790 3380 949 3462 fugitivam
980 3398 1090 3440 canem
1114 3379 1268 3460 adligaret

110 3476 241 3537 lactibus
269 3478 405 3558 agninis:
441 3489 474 3541 ut
507 3482 587 3543 haec
616 3503 678 3544 una
708 3503 779 3544 cum
808 3483 939 3544 lactibus
966 3480 1010 3543 sic
1039 3488 1071 3541 16
1100 3480 1267 3562 aufugeres

110 3596 264 3640 unacum
291 3579 434 3659 pecunia.
464 3619 503 3627 -
533 3583 620 3644 ldem
647 3585 714 3646 lere
742 3584 826 3663 quod
857 3584 942 3645 canis
969 3583 1053 3644 valet
1075 3581 1267 3647 oblatratrix

108 3679 172 3743 Mil.
187 3680 238 3754 lll,
257 3686 284 3746 1.
299 3683 354 3747 87:
377 3691 436 3756 ,set
451 3686 525 3745 nolo
547 3686 589 3746 mi
611 3684 847 3748 oblatratricem
869 3684 901 3745 in
922 3684 1010 3747 aedis
1032 3684 1266 3758 intromittere:

110 3783 306 3856 oblatratrix,
337 3804 418 3864 quae
448 3795 493 3851 est
517 3787 549 3853 h.
571 3789 592 3855 1.
622 3788 734 3850 mulier
762 3787 907 3868 litigiosa,
935 3787 1096 3848 derivatur
1124 3805 1143 3846 a
1167 3786 1265 3847 verbo

108 3887 260 3960 latrandi,
292 3887 378 3967 quod
404 3887 560 3951 invenitur
588 3890 683 3952 Poen.
713 3891 751 3964 V,
773 3892 803 3956 4.
818 3894 859 3956 64
890 3889 971 3973 (vide
1001 3887 1107 3969 supra)
1135 3894 1166 3947 et
1194 3885 1264 3950 Cas.

108 3992 193 4070 prol.
209 3993 265 4055 34:
282 3988 419 4062 ,latranti
436 3991 581 4063 nomine’‚
597 4012 731 4071 quorum
747 3996 916 4054 verborum
930 3989 1082 4054 sententia
1096 4006 1160 4048 non
1171 3988 1265 4068 plane

108 4092 216 4171 liquet,
244 4092 298 4155 cir.
326 4091 460 4173 Koenig:
491 4092 582 4154 Nom.
610 4113 719 4175 propr.
750 4114 800 4175 ap.
830 4094 928 4158 Plaut.
952 4100 983 4153 et
1004 4092 1073 4152 Ter.
1097 4109 1127 4170 p.
1151 4094 1201 4156 25.
1226 4126 1263 4136 -

106 4235 215 4244 -----
218 4236 358 4244 -——-—-—-

182 4312 205 4385 ¹)
226 4310 287 4378 Qun
305 4314 335 4367 in
353 4330 385 4367 re
404 4313 478 4367 canis
497 4313 664 4383 impudicitia
685 4314 772 4385 posita
793 4313 835 4380 sit,
861 4311 977 4385 explicat
995 4309 1163 4365 Friedreicb:
1189 4309 1265 4365 decl.

108 4424 131 4462 z.
151 4407 181 4463 ll.
201 4422 226 4459 u.
249 4403 308 4471 Od,
324 4421 351 4474 ρ.
371 4403 424 4457 too
444 4406 506 4459 adn.
526 4403 553 4459 3.
