2760 5280
606 563 758 659 ,aa

101 772 316 853 Δημηγορσεῖν
337 765 475 851 φάλαινα
497 763 729 850 πανδοκεύτρια
736 783 745 840 ;
769 764 811 826 ib.
827 767 886 831 39:
910 757 968 828 εἶθ’
987 762 1007 843 ἡ
1024 763 1127 849 μιαρά
1141 761 1268 849 φάλαιν’

104 871 221 947 ἔχουσα
242 868 395 955 τρυτάνην
417 870 457 929 de
481 867 598 929 Cleone
620 866 725 929 omnia
748 875 891 929 vorante.
949 866 952 874 '

600 1047 633 1116 b.
661 1045 771 1143 Aves

189 1184 277 1262 lveS,
300 1181 412 1263 quibus
436 1199 572 1261 aucupes
594 1179 725 1242 insidias
749 1179 877 1252 faciunt,
902 1181 986 1241 haud
1007 1178 1176 1241 dissimiles
1201 1190 1273 1242 sunt
1311 1248 1314 1255 ,

106 1285 369 1356 adolescentium,
403 1302 482 1364 quos
511 1283 642 1344 lenones
659 1280 771 1343 ’astuti
798 1281 1041 1363 meretricesque
1071 1282 1272 1345 blandientes

107 1396 256 1470 quaestus
285 1385 422 1449 faciendi
452 1404 547 1447 eausa
577 1383 704 1465 capiunt
736 1386 799 1468 (etr.
823 1384 983 1466 piscatus).
1027 1384 1096 1445 Huc
1126 1394 1270 1465 spectant

107 1511 176 1552 cum
199 1488 361 1551 Pistocleri
384 1486 593 1548 adolescentis
617 1489 713 1550 verba
735 1487 847 1549 Bacch.
871 1487 938 1560 1,1.
957 1491 1012 1553 161
1035 1487 1148 1562 ,viscus
1165 1508 1269 1552 merus

106 1599 246 1655 vostrast
266 1590 426 1654 blanditia'
448 1596 479 1651 et
500 1591 541 1653 ib.
559 1591 594 1662 V,
611 1593 640 1664 2,
655 1593 709 1656 39:
733 1589 894 1651 Philoxeni
911 1589 993 1652 senis
1010 1591 1134 1670 decepti
1155 1594 1269 1653 verba:

107 1703 218 1770 ,taetus
248 1713 316 1756 sum
345 1692 549 1754 vehomenter
574 1693 686 1768 visco',
720 1702 783 1754 tum
816 1693 1011 1771 comparatio
1040 1693 1153 1774 plena,
1189 1712 1269 1775 quae

106 1797 263 1860 invenitur
284 1797 338 1858 As.
361 1795 384 1869 Ι,
407 1799 436 1862 3.
457 1799 599 1862 63-72:
624 1795 684 1868 ,hic
709 1803 816 1858 noster
839 1802 986 1876 quaestus
1010 1795 1123 1877 aucupi
1146 1795 1270 1857 similli-

107 1908 205 1972 must3
227 1898 354 1984 Auceps
377 1899 505 1979 quando
528 1897 725 1960 concinnavit
748 1917 867 1971 aream,
889 1886 1024 1961 offundit
1046 1897 1166 1974 cibum3
1192 1892 1269 1961 dves

108 2009 301 2074 assuescunt,
318 2008 477 2064 necessest
492 2001 597 2062 facere
613 2007 780 2081 sumptum,
796 2001 849 2081 qui
865 2000 990 2081 quaerit
1003 1999 1137 2063 lucrum.
1169 2001 1270 2084 Saepe

108 2106 213 2177 edunt,
244 2102 342 2166 semel
373 2105 399 2166 si
428 2111 500 2164 sunt
522 2111 641 2182 captae,
672 2122 739 2162 rem
770 2103 895 2164 solvont
921 2104 1042 2184 aucupi.
1086 2103 1199 2165 Itidem
1221 2104 1272 2166 hie

108 2207 191 2286 apud
215 2224 289 2265 nos:
315 2205 402 2266 aedis
423 2204 513 2265 nobis
533 2214 649 2274 areast,
673 2223 788 2285 auceps
806 2225 874 2266 sum
891 2225 959 2288 ego,
981 2207 1096 2269 Escast
1112 2207 1272 2281 meretrix,

107 2306 205 2368 lectus
227 2306 311 2367 inlex
320 2307 342 2389 1}
367 2313 424 2379 est,
447 2314 608 2369 amatores
630 2325 715 2368 aves.
760 2307 844 2368 Bene
867 2308 1033 2371 salutando
1055 2319 1273 2384 consuescunt,

109 2408 328 2490 compellando
357 2408 514 2472 blanditer
538 2409 730 2482 Osculando,
760 2410 906 2473 oratione
936 2411 1071 2484 vinnula,
1097 2413 1274 2485 venustula,

108 2511 140 2571 Si
162 2511 311 2591 papillam
335 2512 548 2590 pertractavit,
572 2512 655 2573 haud
679 2512 709 2572 id
735 2520 783 2575 est
805 2515 844 2574 ab
867 2531 902 2573 re
925 2513 1070 2595 aucupis;
1097 2513 1228 2577 Savium
1251 2514 1275 2578 si

108 2612 251 2691 sumpsit,
280 2631 405 2671 sumere
435 2633 505 2672 eum
533 2615 604 2674 licet
632 2614 699 2675 sine
729 2616 866 2677 retibus'.
890 2652 927 2661 -
951 2616 1121 2677 Praeterea
1148 2617 1275 2680 Plautus

184 2804 204 2874 ¹)
225 2803 269 2858 Ex
286 2802 407 2875 Ussingii
426 2807 648 2878 interpretatione
668 2809 771 2871 ,inlices
791 2826 845 2862 non
866 2826 929 2862 aves
949 2818 1020 2873 sunt,
1040 2812 1141 2883 quibus
1154 2828 1278 2884 aucuper

109 2904 225 2950 utuntur
249 2897 282 2948 ad
308 2914 380 2959 aves,
410 2915 476 2969 quas
502 2899 617 2971 capiant,
643 2900 812 2965 inliciendas,
842 2902 869 2952 id
896 2902 969 2972 quod
994 2902 1076 2972 vulgo
1096 2905 1277 2969 existimatur,

110 3005 165 3039 nou
192 2997 255 3040 sunt
279 3004 327 3040 eae
354 3006 426 3054 aves,
456 3007 523 3061 quas
553 2988 650 3044 Graeci
679 2993 840 3065 παλευτρίας
867 3002 965 3046 vocant
992 2991 1104 3062 (Eubul.
1128 2995 1276 3068 Παντυχίςι

111 3075 250 3142 eleetos,
269 3076 404 3150 τερμάτων
422 3080 600 3153 παλευτρίας),
626 3083 673 3134 sed
693 3083 807 3155 laqueus
828 3092 869 3137 est
888 3084 1011 3154 aucupis,
1034 3101 1089 3157 quo
1109 3103 1176 3140 aves
1197 3089 1278 3160 capi-

109 3170 209 3225 untur'.
249 3166 327 3234 Quae
353 3170 497 3241 explicatio
524 3189 589 3224 sane
611 3173 640 3225 in
666 3172 739 3227 hunc
764 3176 873 3247 quidem
893 3176 982 3229 locum
1003 3177 1124 3248 quadrat,
1150 3180 1201 3232 sed
1221 3197 1277 3233 non

110 3262 137 3314 in
157 3261 315 3315 universum
335 3262 387 3315 diei
408 3272 497 3332 potest
516 3263 624 3316 inlicem
646 3282 706 3320 esse
726 3267 862 3338 laqueum.
900 3266 968 3321 Nam
993 3268 1069 3322 verbi
1095 3267 1189 3323 inlicis
1215 3272 1277 3325 ori·

111 3352 201 3418 ginem
226 3353 376 3421 respiciens
402 3355 434 3404 ad
454 3355 533 3406 alium
554 3356 715 3408 sententiam
735 3358 863 3412 adducor.
902 3357 1048 3415 Derivatur
1063 3360 1135 3412 enim
1156 3377 1172 3413 a
1193 3364 1278 3416 verbo

109 3441 249 3504 illiciendi,
271 3442 347 3495 euius
367 3445 476 3514 propria
496 3446 536 3497 vis
554 3454 597 3498 est
614 3449 770 3517 „cuteclara
791 3451 947 3504 oulocleffl
967 3451 1016 3503 cir.
1037 3449 1100 3507 Aul.
1121 3449 1277 3516 1V,1o.7.·

110 3533 179 3586 deus
204 3550 247 3586 me
273 3534 306 3586 ad
333 3533 405 3586 illarn
432 3535 531 3599 illexit;
561 3534 620 3591 Mil.
640 3537 673 3604 V,
693 3537 741 3590 42:
771 3538 794 3591 is
820 3557 864 3592 me
887 3541 914 3593 in
940 3540 1009 3594 hanc
1028 3541 1114 3596 illexit
1132 3541 1302 3609 fraudem;'

112 3622 210 3677 Bacch.
230 3622 252 3687 Ι,
275 3625 298 3679 1.
319 3624 367 3678 21ι
394 3627 480 3696 magis
504 3628 634 3681 iniectum
660 3640 735 3682 tuum
762 3649 843 3702 quam
868 3632 967 3686 lectum
994 3634 1102 3687 metuo'.
1132 3665 1166 3673 -
1198 3634 1278 3691 lnlex

109 3714 193 3784 igitur
222 3723 263 3768 est
291 3734 335 3770 res
362 3726 408 3771 aut
433 3718 524 3789 homo,
554 3721 601 3792 qui
626 3721 743 3792 aliquem
767 3723 855 3777 inlicit
878 3724 907 3777 in
932 3724 1035 3796 aliquid
1054 3726 1097 3779 vel
1117 3727 1149 3778 ad
1170 3720 1303 3800 aliquid*

110 3805 279 3868 laciendum
306 3808 334 3859 id
354 3810 427 3880 quod
448 3809 603 3865 luculenter
622 3822 732 3883 apparet
752 3830 785 3867 ex
804 3814 845 3868 his
866 3817 1009 3889 exemplis:
1037 3814 1114 3871 Pers.
1134 3814 1185 3881 lll,
1206 3817 1234 3874 3.
1249 3820 1276 3881 4,

110 3899 156 3951 ubi
175 3898 239 3951 leno
259 3915 307 3969 per
328 3901 478 3953 convicium
499 3902 573 3955 inlex
587 3908 602 3970 (
610 3904 754 3974 Verloclccr,
776 3906 932 3973 Versuirer)
952 3908 1109 3979 appellatur,
1128 3907 1207 3964 Pers.
1224 3909 1276 3976 Ill,

109 3989 136 4042 4.
150 3988 196 4050 35,
216 3991 262 4043 ubi
276 3991 397 4044 advocati
412 4008 441 4043 se
461 3993 535 4062 ipsos
556 3994 651 4056 ,mulae
670 3995 710 4048 rei
722 4004 812 4050 tantae
825 3998 929 4052 inlices’
942 4009 1049 4064 vocant,
1068 4002 1102 4054 ib.
1117 3998 1166 4063 IV,
1179 4001 1207 4057 4.
1222 4002 1275 4056 48:

109 4096 164 4141 ,me
177 4081 326 4153 impulsore
340 4091 387 4135 aut
405 4082 502 4137 inlice'.
531 4082 630 4139 Nostro
645 4095 733 4141 autem
747 4087 808 4141 loco
828 4089 884 4160 (As.
899 4089 920 4155 l,
934 4091 960 4146 3.
973 4091 1028 4163 68),
1047 4093 1094 4146 ubi
1107 4092 1141 4146 de
1154 4096 1275 4166 aucupio
1290 4158 1295 4166 ,

109 4187 153 4223 res
183 4181 230 4238 est,
260 4174 333 4227 inlex
357 4183 404 4228 aut
429 4190 505 4227 avem
530 4173 698 4250 παλευτριαν,
728 4197 797 4251 quae
822 4190 926 4236 ceteras
951 4183 1042 4249 allicit,
1063 4192 1109 4237 aut
1133 4185 1275 4258 laqueum,
1302 4254 1305 4259 Ι

110 4279 164 4333 quo
185 4279 247 4315 aves
266 4275 377 4336 propter
396 4281 485 4318 escam
505 4267 657 4339 impositam
677 4269 839 4336 alliciuntur,
860 4274 1001 4345 siguificat.
1037 4273 1130 4341 Quare
1149 4277 1177 4329 id
1196 4281 1274 4350 quod

108 4351 214 4406 Nonius
233 4373 258 4424 p.
274 4356 289 4405 6
305 4364 331 4410 et
351 4353 493 4426 Ussingius
514 4370 737 4425 commemorant,
761 4362 866 4417 illicere
890 4365 962 4418 idem
988 4383 1049 4420 esse
1075 4385 1106 4420 ae
1132 4368 1272 4439 laqueare,

109 4461 164 4496 nen
193 4446 324 4498 idoneum
353 4457 393 4503 est
421 4449 453 4502 ad
479 4465 573 4504 omnes
602 4452 677 4506 locos
701 4451 851 4519 Plautinos,
880 4456 926 4508 ubi
949 4455 1015 4510 haec
1035 4476 1087 4513 vox
1106 4461 1212 4513 obviam
1232 4461 1271 4525 fit,

107 4544 183 4590 recte
203 4538 387 4610 explicandos.
