2760 5280
81 836 294 897 versabantur
322 832 389 919 (cir.
414 833 505 915 lupus
535 832 567 893 in
596 833 714 907 fabula,
744 841 808 930 tam
839 832 996 915 placidum
1022 854 1118 914 qoam
1145 855 1238 898 ovem

79 935 184 998 reddo
208 936 288 1021 etc).
331 935 397 1013 Sed¹
416 935 532 998 obiciat
559 934 635 997 mihi
657 935 830 1018 quispiam:
857 955 963 997 nonne
991 937 1074 1018 apud
1096 938 1239 1001 Plautum

10 1058 12 1063 ·
79 1035 261 1100 huiusmodi
276 1037 483 1120 metaphorae
498 1037 720 1101 usitatissimae
736 1042 926 1101 occurrunt?
947 1057 1054 1100 noune
1069 1042 1237 1120 proverbia

81 1140 228 1201 omuibus
259 1148 332 1202 nota
354 1159 509 1221 persaepe
531 1141 570 1203 ab
595 1160 633 1201 co
661 1141 692 1202 iu
716 1142 853 1203 medium
877 1141 1101 1224 proferuntur?
1145 1142 1237 1216 Quod

82 1240 209 1302 minime
236 1242 428 1324 negaverim.
477 1240 634 1314 Quidnam
663 1242 850 1323 scriptorem
881 1245 938 1305 toti
966 1244 1083 1324 populo
1110 1253 1239 1325 specta-

81 1344 184 1405 culum
206 1344 421 1425 praebiturum
451 1344 549 1426 magis
572 1344 683 1419 decuit,
715 1364 808 1425 quam
831 1345 938 1428 populi
968 1345 1089 1407 dicendi
1115 1348 1238 1409 ratione

79 1445 146 1508 uti‘l
182 1447 328 1508 Attamen
349 1454 396 1507 cst
416 1446 543 1527 aliquod
567 1446 734 1509 discrimen
753 1447 835 1510 iuter
857 1453 969 1528 politas
992 1456 1129 1521 nostros,
1152 1449 1236 1529 quod

80 1565 151 1609 mea
174 1547 302 1628 quidem
323 1548 478 1610 sententia
499 1548 609 1631 negari
631 1567 696 1610 nou
718 1557 832 1630 potest.
876 1549 922 1609 Ex
943 1549 1044 1629 tropis
1067 1549 1149 1610 cuim
1172 1552 1237 1611 Te-

80 1648 241 1723 rentianis‚
265 1649 328 1711 rari
350 1659 382 1712 ut
397 1657 478 1723 sunt,
499 1649 601 1711 nullus
624 1658 719 1721 extat,
741 1652 794 1732 qui
810 1650 959 1731 exipsius
975 1657 1089 1732 potitae
1111 1652 1236 1733 ingenio

79 1758 169 1813 crtus
184 1751 328 1813 videatur
343 1772 423 1815 esse.
458 1752 670 1814 Plautinarum
693 1763 797 1815 autem
814 1752 965 1815 mirabilis
981 1772 1129 1814 numerus
1146 1773 1238 1816 com-

77 1854 278 1935 parationum
302 1853 437 1915 dubitari
461 1872 524 1914 nou
540 1853 621 1925 sinit,
644 1855 717 1935 quin
738 1861 834 1936 polita
855 1874 924 1916 cum
941 1855 1043 1917 studio
1058 1854 1142 1917 huuc
1157 1874 1238 1917 ora-

79 1955 174 2019 tionis
190 1963 334 2017 oruatum
351 1955 541 2036 quaesiverit
564 1963 594 2017 ct
610 1956 701 2019 valde
723 1956 928 2029 adamaverit,
952 1966 984 2019 ut
1000 1958 1094 2020 risum
1119 1978 1237 2033 eorum,

79 2058 134 2141 qui
156 2057 311 2132 audirent,
334 2058 625 2139 comparationibus
642 2058 822 2120 animalium
844 2067 996 2121 moveret.
1035 2059 1238 2141 Quantopere

79 2168 186 2223 autem
207 2159 268 2221 hac
289 2161 319 2220 iu
341 2179 376 2220 rc
393 2159 434 2221 ad
449 2160 610 2243 vulgarem
626 2161 734 2240 populi
755 2180 860 2223 rerum
876 2161 1037 2224 scientiam
1054 2162 1237 2242 respuerit,

79 2264 215 2325 maxime
238 2281 277 2323 ex
296 2262 400 2324 forma
418 2271 449 2325 et
464 2262 618 2324 sententia
635 2264 906 2343 comparationum
923 2263 1121 2343 intellegitur.
1158 2265 1237 2325 Nam

79 2384 150 2427 cum
180 2370 275 2444 polita
306 2365 491 2446 plerumque
518 2371 665 2427 naturam
693 2375 725 2426 ct
753 2366 996 2427 consuetudines
1025 2384 1133 2426 eorum
1164 2367 1239 2427 ani-

78 2467 208 2531 malium
236 2466 266 2528 iu
297 2468 490 2528 conferendo
519 2475 764 2540 commemoret,
793 2488 874 2549 quac
901 2467 1045 2529 omnibus
1072 2467 1236 2530 notissima

79 2588 151 2632 esse
173 2569 271 2642 scivit,
294 2569 389 2630 etiam
410 2569 662 2649 comparationes
685 2579 739 2630 aut
759 2571 962 2649 metaphoras
983 2570 1120 2630 breviter
1139 2571 1237 2633 attin-

78 2672 132 2756 git,
155 2670 318 2733 conlidens
340 2671 466 2733 tertium
483 2671 729 2750 comparationis
753 2673 791 2734 ab
816 2691 1022 2752 unoquoque
1044 2671 1135 2734 facile
1158 2692 1238 2755 cog-

79 2773 178 2837 nosci.
220 2773 282 2836 Gir.
306 2775 346 2834 de
366 2774 470 2835 forma
492 2792 522 2854 p.
541 2775 655 2839 4-11.
691 2773 748 2835 Ubi
764 2780 868 2835 autem
884 2774 912 2837 ei
927 2773 988 2834 boc
1003 2774 1129 2835 dubium
1145 2774 1239 2836 vide-

79 2878 173 2940 batur
194 2895 274 2949 essc‚
298 2875 441 2937 consulto
463 2876 507 2938 ita
529 2875 662 2937 instituit
684 2876 927 2949 similitudinem,
958 2883 991 2937 ut
1020 2878 1236 2937 additamento

79 2980 188 3061 paucis
209 2978 371 3050 adiuncto,
403 2996 484 3058 quae
511 2985 596 3038 essct
623 2978 786 3049 sententia,
815 2976 999 3039 declararet.
1051 2977 1114 3040 Cir.
1136 2977 1190 3040 As.
1212 2977 1236 3051 l,

80 3082 111 3147 3.
133 3082 188 3145 26:
221 3080 311 3161 quasi
338 3079 448 3160 piscis,
478 3078 585 3140 itidem
616 3086 665 3141 est
692 3085 818 3141 amator
845 3077 950 3140 lenae:
984 3085 1149 3159 usquamst
1178 3080 1237 3141 nisi

77 3200 197 3257 recens,
221 3181 308 3244 Cure.
331 3182 398 3255 1,2.
419 3183 472 3247 13:
497 3180 612 3243 Canem
636 3201 706 3243 esse
727 3181 810 3243 hanc
833 3180 958 3262 quidem
983 3181 1081 3262 magis
1104 3180 1236 3262 parfuit:

78 3302 178 3363 sagax
200 3303 311 3346 nasum
333 3283 446 3360 habet3
479 3283 549 3345 Cas.
571 3282 608 3358 Π,
631 3288 661 3348 5.
687 3286 742 3349 la:
773 3283 864 3364 quasi
893 3289 1029 3344 venator
1052 3291 1085 3344 tu
1109 3285 1235 3364 quidem

68 3404 129 3448 es:
153 3386 218 3448 dies
242 3390 336 3465 atque
358 3392 466 3447 noctes
488 3404 558 3446 cum
580 3403 658 3446 canc
674 3384 813 3468 (muliere
828 3384 973 3468 litigiosa)
995 3392 1132 3448 aetatem
1149 3386 1234 3466 agis;

76 3488 161 3550 Men.
184 3488 235 3564 lV,
257 3491 287 3552 2.
309 3491 367 3554 90:
399 3488 457 3549 vin’
481 3487 587 3549 afferri
610 3494 773 3549 noctuam:
802 3485 893 3559 Quae
915 3492 948 3548 tu
969 3493 1003 3549 tu
1029 3506 1128 3567 usquc
1152 3488 1236 3549 dicat

78 3590 156 3652 tibi'i
182 3590 232 3652 all.
276 3589 344 3663 Qua
376 3591 498 3652 ratione
520 3590 646 3652 Plautus
675 3590 706 3650 id
736 3609 830 3673 agere
856 3589 989 3663 videtur,
1016 3597 1050 3650 ut
1077 3590 1236 3671 interpre-

78 3689 199 3751 tatione
228 3692 362 3770 exempli
391 3692 591 3772 inexpectata
621 3692 785 3754 audientes
818 3691 859 3753 ad
888 3691 1080 3753 hilaritatem
1112 3692 1235 3757 excitet.

78 3790 192 3855 Rarius
225 3790 270 3866 fit,
298 3799 333 3853 ut
360 3792 512 3873 imagines
542 3792 690 3855 ridendas
719 3792 893 3854 accuratius
916 3793 1060 3873 explicct;
1090 3794 1235 3858 einrici.

78 3894 116 3968 11,
142 3898 171 3958 2.
194 3896 337 3971 49-58;
361 3894 446 3957 Asin.
468 3894 491 3971 1,
514 3897 544 3960 3.
567 3896 702 3960 63—72.
726 3934 764 3944 -
787 3895 903 3955 Verum
926 3901 1032 3956 tamen
1055 3902 1150 3975 potita
1171 3917 1235 3957 non

79 3995 211 4071 dubitat,
227 3997 321 4059 etiam
338 3997 486 4059 animalia
503 3997 603 4059 minus
619 3997 786 4080 vulgariter
803 3996 927 4077 cognita
944 3996 1106 4059 adbibere.
1141 3997 1235 4071 Quod

79 4099 107 4161 ai
130 4100 250 4173 accidit,
275 4120 335 4180 qua
357 4100 389 4160 in
412 4119 447 4161 re
470 4099 640 4163 similitudo
662 4100 766 4180 posita
789 4099 838 4172 sit,
860 4098 930 4180 ipse
952 4098 1075 4178 planius
1099 4099 1236 4161 demon-

80 4208 181 4265 strare
205 4203 300 4278 solct;
331 4210 363 4263 ut
386 4201 457 4265 Cist.
480 4202 531 4276 iV,
554 4206 583 4266 2.
605 4205 646 4267 63
662 4222 708 4282 sq.
738 4201 894 4287 (imitatur)
921 4200 1124 4275 involvulum,
1154 4220 1236 4283 quae

78 4304 112 4367 iu
133 4304 240 4387 papini
263 4303 340 4365 iulio
355 4304 473 4379 intorta
494 4304 634 4385 implicat
657 4324 708 4366 sc:
731 4304 842 4365 itidem
863 4305 944 4365 haec
959 4303 1079 4364 orditur
1101 4304 1159 4365 sibi
1182 4304 1237 4364 in-

80 4414 197 4469 tortam
227 4406 414 4480 orationem,
445 4416 476 4469 et
499 4400 586 4487 Capt.
609 4405 631 4481 1,
657 4409 683 4472 l.
709 4410 849 4487 lasqq.:
881 4405 970 4486 quasi
999 4425 1095 4487 quom
1117 4406 1236 4468 caletur

80 4510 207 4573 cocleae
228 4509 261 4570 iu
284 4510 407 4573 occulto
429 4510 538 4588 latent,
561 4509 623 4571 Suc
639 4509 697 4572 sibi
713 4528 788 4572 suco
804 4509 922 4585 vivont,
944 4528 1000 4572 ros
1017 4507 1042 4570 si
1063 4527 1127 4569 nou
1144 4507 1236 4580 cadit,

79 4610 158 4673 item
174 4611 311 4692 parasiti
338 4615 431 4676 rebus
459 4611 591 4694 prolatis
614 4611 712 4673 latent
734 4611 767 4672 ln
799 4609 922 4673 occulto
952 4609 1068 4683 miseri,
1097 4610 1237 4673 victitant
