2760 5280
668 525 817 622 ,Α

169 728 348 792 columbam
370 745 397 789 e.
421 747 450 806 q.
474 746 498 788 s.
527 761 565 772 -
592 727 646 789 As.
669 725 692 800 l,
715 729 744 792 3.
768 729 825 792 57:
855 724 923 799 ‚Ubi
951 725 1024 807 quid
1055 727 1207 789 dederam
1237 732 1335 810 quasi

170 830 336 893 columbae
362 827 439 910 pulli
460 829 492 889 in
514 847 571 890 ore
594 829 707 890 ambae
735 847 807 889 mco
830 847 930 908 usque
953 829 1074 904 eratis'3
1102 828 1122 890 i.
1147 849 1173 892 e.
1197 839 1231 892 ut
1254 834 1334 912 pulli

168 931 336 995 columbini
360 931 407 992 ori
429 930 539 991 matris
556 929 657 990 cibum
675 930 833 992 afferentis
856 929 986 1003 inhiant,
1009 931 1053 992 sic
1076 951 1131 993 vos
1148 932 1223 992 olim
1241 936 1333 1010 mihi,

168 1034 290 1115 siquid
314 1034 474 1094 dederam.
518 1032 619 1094 Minus
641 1032 745 1112 placet
767 1030 843 1092 mihi
865 1031 908 1105 id,
932 1033 1017 1113 quod
1040 1033 1201 1115 Ussingius
1224 1039 1332 1120 expli-

168 1136 260 1198 candi
283 1154 379 1198 causa
402 1135 493 1196 citat:
516 1141 602 1207 ‚nota
626 1142 673 1196 est
695 1134 912 1196 columbarum
941 1135 972 1195 in
1001 1137 1173 1198 osculando
1201 1138 1333 1220 impro-

167 1239 248 1300 bitas
272 1245 302 1298 et
323 1235 451 1298 lascivia
474 1235 518 1298 ait
533 1236 702 1298 Lambinus
725 1236 795 1298 coll.
818 1235 1333 1321 CatullLXVlll,125sqq.’etc.

252 1341 373 1405 turtur:
396 1339 491 1401 Poen.
506 1338 542 1415 ll,
559 1340 616 1405 40:
640 1358 711 1399 eum
733 1341 885 1399 necabam
909 1373 947 1384 -
970 1340 1031 1400 Per
1049 1338 1215 1403 cerebrum
1231 1344 1331 1426 pinna

169 1462 227 1505 sua
249 1441 308 1504 sibi
331 1440 420 1522 quasi
443 1447 616 1515 turturem3
638 1439 752 1502 Bacch.
774 1439 797 1533 l,
824 1444 849 1505 1.
873 1442 928 1506 34:
952 1442 1014 1514 ,ubi
1038 1462 1096 1524 ego
1121 1445 1243 1525 capiam
1269 1466 1330 1527 pro

169 1543 338 1605 machaera
361 1545 538 1618 turturem';
563 1549 666 1603 turtur
689 1562 758 1605 cum
780 1542 811 1605 h.
833 1543 852 1604 l.
876 1543 962 1605 cibus
985 1544 1036 1604 vix
1056 1544 1195 1626 intellegi
1217 1549 1332 1627 possit,

53 1694 57 1701 .
169 1645 235 1708 avis
257 1645 328 1707 viva
342 1644 566 1725 interpretibus
587 1644 806 1718 videturesse,
829 1663 963 1724 quacum
982 1647 1162 1710 meretrices
1179 1657 1211 1710 et
1232 1668 1332 1713 ama-

168 1753 256 1810 tores
278 1747 387 1807 ludere
409 1745 494 1807 soliti
508 1747 586 1822 sint;
610 1766 669 1828 ego
684 1745 860 1828 putaverim
874 1755 1028 1809 turturem
1043 1749 1196 1812 translate
1212 1752 1331 1815 dictum

170 1868 240 1912 esse
262 1867 320 1929 pro
345 1848 519 1910 meretrice.
563 1846 626 1910 Cir.
651 1848 806 1911 columba.

253 1951 434 2036 palumbes
477 1950 589 2012 Bacch.
613 1950 635 2024 l,
661 1954 696 2017 1..
712 1954 767 2015 17:
791 1953 884 2023 ,duae
906 1971 956 2012 me
979 1973 1073 2014 unum
1097 1953 1242 2033 expetitis
1266 1976 1332 2036 pa-

169 2052 326 2126 lumbem’,
349 2053 559 2134 proverbium,
576 2073 638 2133 quo
654 2053 817 2132 palumbes
833 2054 960 2134 ponitur
976 2074 1034 2134 pro
1049 2062 1208 2133 amatore3
1231 2059 1331 2122 Poen.

169 2154 220 2229 Ill,
242 2158 272 2220 3.
295 2158 352 2221 63:
388 2174 455 2227 ,nos
484 2155 541 2215 tibi
570 2155 749 2235 palumbem
781 2156 822 2216 ad
855 2174 961 2216 aream
991 2176 1089 2237 usque
1120 2151 1331 2234 adduximus',

168 2256 230 2319 hoc
256 2256 426 2336 proverbio
457 2254 667 2336 significatur:
699 2257 898 2341 occasionem
929 2257 1045 2338 aliquid
1075 2259 1224 2323 facillime
1247 2282 1330 2325 exe·

170 2359 286 2440 quendi
309 2357 398 2421 alicui
421 2358 547 2421 offerre.
589 2358 730 2421 Klotzius
752 2360 783 2419 in
804 2359 918 2421 Lexico
942 2361 1064 2422 confert
1085 2371 1247 2425 nostrum:
1271 2385 1333 2446 „ea

168 2462 251 2542 fiicpt
273 2463 322 2523 dic
344 2462 412 2523 eine
432 2461 603 2541 pebrotene
627 2463 729 2523 Tuube
751 2463 799 2523 ios
821 2461 934 2526 Mcul'.

654 2617 844 2680 Gallinae.

254 2718 391 2802 gallina,
413 2717 527 2779 blande
543 2717 658 2779 dictum
676 2721 729 2781 As.
745 2718 795 2792 lll,
811 2723 841 2785 3.
857 2722 914 2784 76:
938 2720 1006 2781 dice
1020 2722 1111 2804 igitur
1127 2741 1177 2784 me
1192 2741 1337 2802 passer-

169 2821 282 2894 culum,
310 2819 457 2904 gallinam
485 2825 543 2882 etc.
597 2820 645 2881 Ad
677 2821 853 2884 inconditas
885 2822 1173 2904 incompositasque
1205 2824 1337 2890 litteras

169 2923 305 3004 pertinet
333 2923 418 3003 quod
447 2921 560 3003 legitur
589 2923 701 2986 Pseud.
724 2922 747 2996 l,
773 2927 799 2990 1.
822 2926 942 3004 27sq.:
975 2944 1014 2986 an
1049 2928 1181 2987 obsecro
1208 2925 1332 3003 hercle,

168 3024 287 3087 habeut
309 3043 435 3105 quoque
457 3025 591 3106 gallinae
617 3027 749 3085 manus‘l
794 3025 871 3087 Nam
897 3025 993 3088 hasce
1016 3027 1068 3110 (sc.
1091 3028 1221 3112 litteras]
1253 3030 1331 3110 qui-

170 3127 242 3187 dem
265 3125 378 3209 gallina
400 3125 533 3207 scripsit.
570 3123 805 3187 canestrum:
829 3148 862 3190 es
884 3130 934 3206 ist,
957 3131 1005 3191 uls
1026 3150 1113 3192 coeno
1136 3132 1185 3192 die
1199 3132 1331 3196 Hdhner

169 3227 231 3312 auf
247 3231 314 3292 dem
338 3231 452 3310 Popier
471 3229 636 3309 peschurrt
656 3231 773 3292 hutten.
797 3237 817 3307 ζ
822 3232 974 3293 Wunder:
994 3232 1037 3309 ΙΙ,
1056 3252 1090 3312 p.
1112 3233 1202 3308 808).

254 3333 400 3396 coturnix
429 3330 545 3390 blande
576 3329 701 3390 dictum.
754 3331 808 3393 As.
838 3331 887 3403 lll,
915 3335 945 3397 3.
968 3336 1025 3398 76:
1055 3334 1123 3394 dice
1151 3335 1246 3418 igitur
1275 3357 1331 3399 me

168 3432 384 3514 passerculum
408 3467 444 3477 -
469 3430 668 3491 coturnicem'
690 3440 748 3494 etc.

640 3567 849 3633 Cursores.

253 3674 397 3737 marinus
420 3688 544 3756 passer
573 3670 638 3732 sive
661 3671 794 3734 struthio
824 3672 867 3734 ita
889 3673 997 3736 volare
1020 3675 1111 3748 solet,
1141 3683 1175 3737 ut
1197 3694 1215 3738 a
1239 3682 1329 3742 terra

169 3793 203 3836 se
226 3793 289 3834 non
312 3772 410 3848 tollat,
433 3773 489 3832 sed
513 3772 571 3835 alis
593 3772 696 3854 passis
720 3782 836 3837 currat.
874 3774 981 3849 Quare
1004 3797 1072 3838 cum
1096 3778 1221 3840 Toxilus
1237 3779 1329 3844 Pers.

168 3875 204 3949 ll,
226 3878 256 3940 2.
280 3878 319 3941 19
335 3896 382 3955 sq.
404 3873 562 3937 iussisset:
592 3875 672 3949 ,face
699 3895 766 3937 rem
797 3878 880 3939 hanc
902 3898 969 3939 cum
999 3898 1074 3941 cura
1096 3899 1198 3962 geras.
1242 3882 1328 3944 Vola

169 3976 347 4040 curriculo'l
382 3976 552 4058 Paegnium
576 3979 767 4058 respondet:
790 3979 882 4051 ‚lstuc
905 3981 1043 4044 marinus
1059 4001 1170 4063 passer
1184 4001 1241 4065 per
1257 3983 1328 4043 cir-

169 4098 237 4140 cum
261 4078 358 4142 solet'.

629 4183 858 4245 Natatores.

252 4299 364 4348 anser.
401 4284 490 4345 Truc.
506 4282 542 4357 11,
561 4286 587 4349 1.
604 4286 644 4350 40
660 4304 722 4365 sq.:
747 4283 807 4358 Qui
823 4285 875 4346 ubi
892 4306 1048 4368 quamque
1063 4297 1205 4351 nostrum
1221 4307 1325 4369 prope

167 4383 252 4445 videt
266 4383 363 4446 hasce
379 4385 467 4448 aedis
483 4386 652 4467 adgrediri,
667 4386 744 4447 ltem
761 4395 794 4448 ut
810 4387 848 4449 de
864 4388 1021 4450 frumento
1038 4409 1166 4454 anseres
1183 4392 1324 4452 clamore

166 4488 329 4561 absterret,
352 4487 457 4568 abigit.
