2760 5280
207 1239 211 1244 .
735 1188 758 1250 1.

231 1287 444 1350 Plautinarum
472 1289 652 1352 fabularum
683 1297 866 1371 argumenta
895 1288 1033 1364 Graecis,
1066 1290 1333 1373 compositionem

169 1396 200 1451 et
221 1390 442 1454 tractationem
465 1391 574 1454 Plauto
597 1392 764 1454 tribuenda
787 1412 857 1456 csse
878 1401 964 1475 puto.

728 1530 765 1593 11.

230 1632 329 1695 Plaut.
351 1633 438 1694 Pers.
460 1631 498 1706 11,
523 1634 550 1699 1.
573 1634 592 1697 6
613 1632 658 1695 ita
680 1632 881 1696 scribendum
903 1642 968 1697 est:

336 1733 433 1797 Ovis
456 1732 483 1796 si
504 1735 535 1796 in
557 1734 666 1797 ludum
687 1735 757 1810 iret,
780 1735 934 1817 potuisset
951 1734 1021 1797 fieri
1039 1742 1072 1798 ot
1087 1739 1188 1818 probe
1206 1737 1333 1803 litteras

336 1835 437 1898 sciret.

722 1938 773 2000 lli.

228 2011 308 2103 Hor.
332 2059 427 2104 carm.
450 2039 473 2117 l,
497 2042 548 2106 28.
571 2043 609 2106 21
633 2040 716 2103 hanc
737 2041 903 2104 lectionem
925 2044 1045 2122 probo:
1113 2048 1117 2055 “

334 2143 384 2205 Me
407 2162 533 2225 qnoque
556 2143 667 2207 devexi
689 2145 861 2208 rabidus
884 2164 991 2208 comos
1014 2144 1141 2208 Orionis
1163 2165 1191 2208 e.
1214 2166 1246 2227 q.
1272 2170 1298 2211 s.

720 2281 733 2343 l
764 2330 772 2345 .

229 2341 298 2445 vat
321 2382 422 2445 macc.
445 2384 562 2466 Argon.
586 2383 663 2457 vni,
689 2280 766 2451 rosv:
922 2456 924 2460 ,

168 2501 171 2505 ·
335 2487 406 2560 ‚Ant
427 2495 513 2549 certe
537 2505 683 2548 mecum
706 2505 802 2549 omne
824 2487 924 2559 nefas,
946 2486 1065 2550 iromus
1088 2495 1119 2549 et
1140 2490 1266 2570 ambae’

725 2638 733 2651 ,
1034 2590 1201 2671 legendum
1224 2600 1287 2658 ost.

726 2690 754 2750 V

229 2791 378 2874 Xenoph.
401 2795 477 2854 Λακ.
500 2795 570 2854 πολ.
592 2791 634 2865 X,
656 2794 674 2857 4
697 2795 797 2854 verba
820 2793 934 2855 tradita
956 2793 1000 2855 ita
1023 2795 1172 2857 mutanda
1194 2802 1285 2857 sunt:

334 2943 342 2958 .
366 2942 373 2957 .
397 2941 405 2956 .
427 2890 652 2957 tintiniaco
680 2894 863 2979 βουλόμενοι
883 2893 1104 2974 ἐπιμελεῖσθαι
1122 2900 1179 2977 τῆς
1201 2894 1334 2980 ἀρετῆς,

334 2993 391 3073 οὐχ
412 2995 514 3059 ἱκανοί
536 2995 597 3059 aiot
616 2993 675 3072 τὰς
694 2998 853 3084 πατρίδας
875 2995 1028 3076 αὐξάνειν.

719 3136 771 3198 Vi.

228 3236 325 3319 Soph.
347 3237 462 3302 Eiectr.
485 3239 546 3304 363
565 3258 613 3319 sq.
635 3238 801 3321 legendum
825 3257 895 3302 osse
918 3239 994 3301 mihi
1015 3240 1155 3303 videtur:

331 3337 402 3418 ἐμοὶ
421 3339 482 3427 γάρ
506 3340 586 3405 ἔστω
606 3339 754 3416 τούςδε
776 3340 844 3419 μὲν
868 3345 977 3406 λυπεῖν
999 3341 1157 3422 μόνον-
1179 3340 1331 3427 βόσκημα

332 3461 358 3503 e.
383 3464 413 3523 q.
436 3461 461 3503 s.

710 3544 775 3606 Vil.

227 3646 347 3708 Nomen
364 3644 528 3718 Quiritium
547 3645 709 3730 (originem
726 3647 843 3710 ducens
859 3667 923 3710 non
940 3667 958 3710 e
973 3667 1050 3711 voce
1066 3648 1182 3710 Sabina
1197 3650 1330 3730 ,quiris’‚

164 3750 218 3810 sed
243 3768 260 3809 e
282 3749 389 3810 radice
411 3750 489 3824 ,col’,
511 3748 713 3830 graec-ital.
737 3750 898 3824 ,kval'·vei
920 3751 1018 3836 ‚kvcl’)
1051 3751 1206 3834 significat
1233 3750 1329 3815 initio

162 3850 393 3915 vetustissimos
416 3852 596 3915 conditores
618 3858 650 3912 ct
672 3850 791 3914 incolas
812 3854 942 3914 Romae.
1018 3898 1023 3906 .

226 4092 458 4155 Grammaticae
487 4092 722 4173 comparativae
745 4100 863 4154 certam
886 4113 1039 4155 summam
1064 4093 1147 4155 etin
1169 4093 1269 4156 latina
1295 4106 1329 4161 et

162 4193 193 4254 in
209 4214 324 4277 graeca
340 4194 543 4278 grammatica
558 4196 589 4255 in
606 4215 696 4256 nsum
712 4194 891 4259 scholarum
908 4197 1128 4277 componenda
1144 4196 1330 4278 respicien-

164 4295 235 4357 dam
259 4315 329 4359 esse
350 4299 462 4359 iudico.

621 4489 847 4533 Ν.»
